2952 4138
229 199 265 252 ao
518 155 520 160 ⁵
590 197 616 248 r.
637 195 818 248 conuenit
840 195 967 247 merri
1086 271 1089 278 ἢ
1219 194 1267 264 po.
1282 209 1322 242 12-

279 377 313 433 et
336 365 441 432 nostri
463 364 586 432 saeculi
605 363 849 430 controversias
873 363 970 440 tueri,
989 363 1021 428 in
1039 364 1161 448 quihus
1179 365 1323 452 [expres-

279 476 339 564 sis]
380 474 408 540 si
446 475 580 561 quando
618 493 758 539 neeesse
800 473 843 537 sit
878 493 938 557 pro
973 472 1183 556 periclitante
1214 473 1321 538 amico

279 583 503 667 potentiorum
534 603 631 648 aures
658 583 841 658 offendere,
870 592 904 646 et
933 583 1072 666 probata
1100 581 1143 646 sit
1176 583 1258 646 fides
1286 595 1319 647 ct

278 690 415 756 libertas
431 687 609 755 excusata!

152 786 212 802 '—
231 799 267 868 ll
326 801 423 888 Quae
438 820 514 866 cum
531 799 670 866 dixisset
686 797 781 884 Aper
796 797 915 876 acrius,
930 807 965 863 ut
984 798 1122 874 solebat,
1137 809 1169 863 et
1188 797 1320 864 intento

277 931 344 986 ore,
363 909 522 976 remissus
539 921 573 974 et
591 908 769 974 subridens
788 909 962 973 Maternus
981 908 1192 972 ‘l’arantem'
1211 909 1318 993 inquit

278 1031 352 1081 ‘me
384 1037 451 1080 non
485 1017 596 1080 minus
631 1015 687 1080 diu
720 1036 878 1080 accusare
910 1026 1059 1079 oratores
1092 1037 1191 1099 quam
1225 1017 1320 1098 Aper

277 1125 465 1190 laudaverat
484 1123 568 1210 (fore
584 1122 673 1188 eninr
690 1122 874 1188 arbitrabar
896 1132 931 1187 ut
954 1144 974 1187 a
995 1123 1185 1188 laudatione
1204 1144 1318 1188 eorum

276 1234 445 1318 digressus
468 1234 670 1299 detrectaret
695 1243 812 1316 poetas
836 1244 937 1316 atque
961 1231 1145 1297 carminum
1170 1233 1317 1298 studium

276 1344 516 1427 prosterneret)
549 1352 621 1406 arte
651 1342 793 1426 quadam
826 1340 1001 1424 mitigavit,
1031 1341 1245 1406 concedendo
1279 1342 1318 1406 iis

227 1480 243 1518 a
276 1449 333 1537 qui
348 1470 466 1516 causas
482 1469 583 1534 agere
600 1469 666 1513 non
684 1458 832 1532 possent,
846 1458 882 1514 ut
900 1469 1016 1513 versus
1033 1449 1193 1514 facerent.
1245 1451 1318 1534 ligo

274 1571 386 1624 autem
409 1558 495 1623 sicut
520 1557 552 1622 in
577 1557 688 1624 causis
712 1557 851 1640 agendis
875 1557 1006 1623 efficere
1030 1557 1152 1642 aliquid
1178 1569 1211 1622 et
1236 1559 1317 1623 eniti

276 1667 418 1731 fortasse
435 1685 581 1750 possum,
601 1665 647 1730 ita
664 1664 861 1731 recitatione
877 1665 1123 1748 tragoediarum
1140 1675 1173 1730 et
1189 1666 1317 1748 ingredi

274 1775 396 1840 famam
412 1773 605 1859 auspicatus
618 1794 702 1849 sum,
716 1793 792 1840 curn
808 1773 942 1859 quidem
961 1773 993 1839 in
1013 1775 1183 1838 Neronem
1200 1775 1318 1859 impro-

275 1884 350 1948 bam
377 1894 411 1948 et
437 1882 622 1948 studiorum
650 1903 783 1967 quoque
811 1903 904 1949 sacra
932 1883 1163 1966 profanantem
1191 1884 1317 1950 Vatinii

226 2022 243 2075 ³
276 1992 460 2078 potentiam
483 1991 592 2076 fregi;
626 2003 659 2056 et
678 1991 778 2056 hodie
797 1991 826 2057 si
847 1991 926 2077 quid
951 1991 982 2055 in
1007 1993 1103 2056 nobis
1124 1992 1263 2058 notitiae
1278 2015 1316 2058 ac

275 2101 420 2167 nominis
436 2111 499 2178 est,
518 2101 625 2185 magis
640 2101 784 2166 arbitror
802 2099 985 2167 carminum
1009 2122 1106 2186 quam
1129 2101 1316 2167 orationum

225 2241 242 2289 ⁴
274 2211 537 2296 gloriapartum.
586 2211 641 2276 Ac
659 2209 722 2275 iam
740 2231 794 2275 me
808 2209 992 2294 deiungere
1014 2232 1033 2275 a
1055 2211 1179 2274 forensi
1205 2212 1316 2277 labore

274 2380 366 2430 nostri
378 2379 486 2431 saeculi
498 2396 504 2428 ι
519 2395 549 2428 as
557 2377 675 2443 opposed
687 2388 716 2430 to
726 2379 770 2430 the
820 2379 966 2444 frequently
978 2378 1002 2428 in
1015 2379 1179 2442 expressions
1191 2379 1220 2428 of
1232 2380 1316 2441 legiu-

274 2445 338 2512 daps
349 2446 378 2496 of
389 2449 465 2503 Cato,
477 2446 520 2496 for
531 2446 656 2510 example.
820 2447 888 2509 ning.
896 2445 966 2495 -in
980 2446 1126 2495 Neronem
1141 2447 1250 2497 Vatinii
1268 2462 1316 2512 po-

309 2513 352 2570 ll.
376 2528 434 2564 non
446 2513 543 2564 minu!
560 2512 660 2572 dimo!
675 2529 708 2562 no
722 2514 770 2562 less
820 2514 950 2569 tentiam,
980 2512 1119 2560 lirtfrn'us’s
1144 2521 1232 2575 praetr
1256 2531 1316 2563 mer

272 2581 622 2647 length-prosterneret:
645 2588 768 2643 astrong
818 2583 906 2634 ll'ero:
928 2579 960 2628 ef.
980 2579 1033 2628 Cic.
1051 2580 1081 2627 de
1099 2581 1159 2642 ll'cp.
1180 2581 1215 2628 ll.
1233 2595 1266 2644 49
1286 2584 1314 2629 r'n

273 2647 352 2705 word,
372 2649 483 2710 tromple
505 2649 533 2696 r'rr
556 2649 598 2698 the
619 2648 684 2701 duat,
706 2646 766 2696 with
813 2648 1075 2711 populospcrpcfuem
1084 2653 1243 2709 potestatem:
1263 2649 1314 2696 lll.

272 2715 394 2764 samarie
416 2714 529 2764 allusion
557 2723 586 2763 to
608 2713 702 2780 Aper's
724 2713 769 2763 im·
819 2715 1023 2779 a3irrpnpulum
1040 2715 1106 2762 nime
1121 2715 1235 2778 accisque
1249 2723 1314 2778 pote-

272 2781 410 2848 petuosity.
817 2780 1313 2840 statamtahan—studiorumeecra,

305 2861 330 2898 ι.
347 2849 423 2900 sieut
433 2883 441 2898 .
452 2883 459 2897 .
469 2883 477 2897 .
487 2848 539 2898 ita:
555 2847 599 2899 the
608 2847 767 2898 sicut-clause
817 2848 860 2898 rh:
875 2849 964 2897 sacred
977 2850 1099 2911 proru'nce
1118 2848 1150 2913 qs
1161 2849 1313 2906 literaturam·
1385 2893 1390 2904 ,

272 2913 320 2964 has
328 2915 478 2964 concessive
485 2914 570 2973 force3
587 2914 621 2965 cf.
631 2927 670 2980 37.
680 2927 694 2980 5
703 2929 768 2978 quae
817 2914 850 2964 cf.
859 2915 948 2975 Quint.
960 2916 993 2964 Χ.
1004 2928 1064 2979 r.92
1074 2931 1148 2964 sacru
1157 2916 1312 2964 lrlternrum.

272 2981 419 3030 eradantur
435 2997 485 3029 rrorr
502 2982 612 3030 accedere
628 2981 769 3030 nectimur
814 2981 981 3032 -vettntn
1004 2997 1056 3031 one
1074 2981 1105 3030 of
1128 2982 1172 3031 the
1190 2992 1266 3032 worst
1285 2983 1313 3032 of

271 3049 366 3096 ...ito
380 3063 437 3097 crem
453 3048 599 3104 acciderant,
612 3046 765 3096 wherealso
816 3047 861 3096 the
883 3047 1007 3097 favorites
1030 3047 1060 3098 of
1083 3050 1163 3098 Nero.
1205 3048 1311 3098 'f'acitus

272 3129 309 3164 we
331 3113 398 3164 have
421 3113 466 3163 the
488 3113 631 3178 pleonastie
652 3115 719 3162 sicut
738 3114 764 3162 in
814 3129 875 3179 says
891 3113 920 3162 of
937 3113 990 3164 him
1007 3114 1154 3172 elsewhere,
1167 3117 1238 3165 Arm.
1252 3115 1311 3166 XV.

271 3180 382 3245 placeof
394 3180 438 3232 the
446 3180 539 3245 simple
546 3187 616 3230 ut-
622 3189 683 3231 erte
695 3195 765 3246 qua·
815 3194 856 3246 34,
878 3181 996 3232 Vatr'm'us
1013 3183 1082 3231 inter
1089 3183 1241 3248 sonfr'ssima
1258 3185 1313 3232 eius

270 3248 352 3298 dem:
370 3246 472 3298 further
489 3246 626 3312 explained
645 3247 679 3312 by
696 3259 766 3297 eon·
814 3248 890 3298 aulae
911 3254 1004 3298 ostenta
1019 3250 1084 3315 serit.
1121 3251 1241 3314 Nothing
1260 3249 1310 3300 fur-

270 3315 400 3366 eedendo
415 3324 448 3365 ut
465 3327 569 3366 versus
588 3314 766 3365 fecerenr.-
815 3313 913 3364 theris
931 3315 1025 3365 known
1046 3315 1076 3365 of
1096 3317 1140 3366 the
1159 3332 1264 3368 success
1284 3317 1314 3367 of

270 3382 349 3442 eniti,
368 3383 519 3446 accmplr'rl
543 3383 574 3446 ly
594 3380 766 3446 effert-in·
816 3381 952 3433 hfatemus
964 3383 1025 3433 here
1038 3382 1150 3434 referred
1163 3393 1198 3433 to.

270 3449 639 3515 attemptaturum:
659 3448 765 3500 forthe
847 3463 871 3512 ³·
889 3450 982 3509 nobie,
1011 3451 1140 3510 notitiae,
1169 3452 1310 3503 nominis:

269 3517 404 3582 pleonastn
422 3513 456 3566 cf.
474 3529 497 3582 a
515 3529 565 3583 3n.
583 3522 716 3566 κυκνον(
724 3517 765 3582 se·
814 3515 977 3567 alliteration.
1014 3517 1064 3568 See
1083 3517 1146 3568 lntr.
1164 3535 1189 3584 p.
1207 3519 1313 3569 xxii.-

268 3585 354 3643 nino,-
384 3584 442 3634 Ger.
474 3582 503 3634 18
531 3584 594 3648 r'psr'r
620 3583 767 3648 isopleuris
815 3591 948 3649 partum:
966 3600 1066 3635 eaerre.

269 3651 432 3701 matrimonii
442 3651 582 3715 auspr'cr'r's,·
599 3652 670 3700 Arre.
684 3649 764 3700 xm.
843 3666 869 3713 4.
880 3651 1049 3715 deiungere:
1058 3651 1140 3701 found
1148 3653 1210 3717 only
1217 3653 1278 3703 here
1284 3655 1310 3703 in

271 3730 303 3768 ιο
313 3718 475 3782 prim'piun
492 3719 562 3767 enne·
576 3719 699 3783 reciperer
704 3731 716 3777 ,·
733 3731 765 3768 eo
815 3715 860 3769 the
877 3716 1011 3782 figurative
1021 3720 1311 3776 sense-tornitetua
