2952 4138
237 190 268 242 12
596 189 622 239 P.
641 187 821 239 CORNELII
843 187 969 239 Tncn'r
1256 187 1289 254 [ἶ.
1303 202 1330 234 r-

235 385 250 424 e
284 356 471 442 principum
496 355 582 420 tueri
607 364 640 420 et
665 354 847 420 defendere
869 357 974 421 datur.
1025 356 1111 420 Tum
1129 356 1210 422 mibi
1228 378 1327 442 supra

283 468 474 532 tribunatus
491 476 524 530 ct
542 475 714 548 pmeturas
731 475 764 528 et
781 465 976 530 consulatus
1000 467 1182 530 ascendere
1201 466 1325 543 videor,

282 587 354 639 tum
374 575 506 648 habere,
523 573 621 656 quod,
640 572 668 636 si
686 593 751 636 non
773 573 806 636 in
823 573 934 636 animo
950 573 1066 649 oritur,
1084 593 1146 639 nec
1164 575 1325 639 codicillis

233 703 250 756 3
267 685 380 762 ‚datur
397 703 459 747 nec
475 703 549 747 cum
567 681 675 764 gratia
691 681 792 746 venit.
843 681 958 765 Quid?
986 681 1075 746 lama
1091 694 1125 746 et
1142 683 1213 747 laus
1230 684 1325 748 cuius

258 773 268 854 i·
282 791 363 856 artis
387 812 462 856 cunr
488 803 656 855 oratorum
681 791 786 874 gloria
810 789 1033 874 comparanda
1054 791 1130 855 est?
1179 792 1324 876 Quinam

283 899 493 965 inlustriores
509 911 586 964 sunt
606 899 637 964 in
657 901 738 966 urbe
755 920 821 963 non
845 899 952 964 solum
970 901 1057 984 apud
1080 901 1273 984 negotiosos
1290 913 1323 966 et

282 1011 381 1074 rebus
416 1009 573 1085 intentos,
608 1010 666 1074 sed
702 1009 802 1074 etiam
835 1010 922 1094 apud
959 1008 1096 1074 iuvenes
1131 1031 1253 1075 vacuos
1290 1023 1323 1076 et

280 1118 524 1195 adulescentes,
542 1119 663 1204 quibus
680 1121 779 1184 modo
801 1131 834 1183 et
858 1129 949 1184 recta
971 1118 1099 1184 indoles
1117 1131 1167 1184 est
1185 1131 1218 1184 ct
1237 1123 1324 1186 bona

231 1251 248 1299 4
281 1250 357 1313 spes
383 1228 459 1294 sui?
507 1230 657 1314 Quorum
682 1229 815 1294 nomina
836 1229 926 1314 prius
943 1242 1099 1314 parentes
1116 1230 1230 1295 liberis
1255 1232 1323 1296 suis

281 1337 463 1422 ingerunt?
511 1339 605 1423 Quos
630 1339 762 1422 saepius
780 1340 899 1422 vulgus
923 1360 1056 1423 quoque
1079 1339 1266 1423 imperitum
1288 1355 1322 1406 et

281 1448 450 1513 tunicatus
483 1448 537 1513 lric
569 1449 710 1533 populns
747 1459 960 1513 transeuntes
994 1449 1127 1513 nomine
1159 1461 1254 1514 vocat
1288 1463 1322 1514 et

232 1575 247 1630 5
280 1555 387 1640 digito
403 1557 634 1621 demonstrat?
682 1545 845 1621 Adrenae
861 1578 993 1640 quoque
1015 1568 1048 1621 ct
1071 1559 1237 1642 peregrini
1257 1559 1320 1623 iam

280 1665 314 1728 in
347 1664 538 1750 municipiis
568 1678 602 1730 et
635 1665 775 1731 coloniis
803 1667 873 1731 suis
900 1665 1047 1743 auditosl
1072 1689 1147 1731 curn
1178 1668 1348 1751 primum·

280 1777 394 1840 urbem
418 1775 613 1860 attigerunt,
637 1776 810 1861 requirunt
835 1797 873 1841 ac
897 1777 988 1840 velut
1014 1778 1220 1859 arignoseere
1245 1799 1321 1842 con·

229 1883 249 1951 8
280 1884 467 1968 cupiscunt.
506 1885 627 1951 Ausim
641 1887 844 1951 contendere
859 1886 1053 1951 Marcellum
1068 1887 1155 1951 hunc
1171 1887 1318 1970 Eprium,

277 1996 320 2059 de
336 2015 402 2078 quo
419 1995 516 2059 modo
529 1995 660 2060 locutus
674 2016 758 2068 sum.
773 2006 807 2060 et
825 1995 981 2079 Crispum
996 1995 1132 2060 Vibium
1148 1995 1319 2080 (libentius

278 2104 367 2169 enim
389 2105 481 2169 novis
501 2114 534 2170 ct
556 2105 749 2170 recentibus
773 2125 871 2190 quam
897 2105 1034 2170 remotis
1059 2115 1093 2170 et
1118 2106 1319 2171 oblitteratis

276 2270 329 2312 roes
349 2264 407 2313 who
426 2263 544 2324 deluam
559 2269 584 2312 to
602 2263 644 2314 the
663 2264 727 2313 class
747 2265 779 2330 ry
824 2263 877 2314 tion
894 2263 1029 2328 occurring
1043 2264 1191 2329 repeatedly
1205 2264 1230 2313 in
1248 2265 1320 2316 'laci-

276 2331 502 2381 [Μὴ-ΜΝ
519 2329 579 2380 nith
602 2332 645 2380 tire
666 2329 711 2380 inl.
732 2345 773 2381 oc·
823 2339 873 2386 tus.
895 2347 938 2393 ear.
965 2333 1050 2382 Germ.
1071 2346 1099 2393 er
1127 2333 1200 2381 elidis
1216 2332 1319 2398 strenua

276 2413 336 2448 curs
364 2397 511 2462 repeatedly
532 2397 564 2446 ia
594 2397 708 2453 Tacitus.
728 2415 771 2460 ep.
823 2415 892 2448 serene
912 2406 1011 2448 tannem
1029 2400 1144 2448 «ereditur.
1182 2401 1218 2448 So
1240 2400 1318 2466 Pliny.

277 2466 348 2514 Arra.
363 2465 407 2514 lt'.
420 2463 604 2529 bedrdrtrerque
613 2466 773 2528 primoribus
823 2467 873 2529 Ep.
894 2466 954 2515 Vll.
975 2479 1012 2528 27.
1031 2479 1045 2527 7
1063 2468 1204 2516 sinruiuera
1221 2468 1318 2524 turdela,

275 2532 403 2582 disserere.
823 2532 874 2584 aad
882 2549 945 2584 eren
955 2534 1054 2590 Cicero,
1062 2550 1104 2596 eg.
1113 2536 1174 2583 eliu.
1182 2535 1216 2583 l).
1229 2535 1262 2584 11.
1269 2535 1286 2584 6
1294 2553 1320 2584 eo

309 2612 335 2649 ι.
358 2599 507 2659 codicillis.
530 2599 721 2649 cabineterdcrr
744 2600 773 2649 ol
822 2603 926 2665 r'pradie
938 2603 1054 2651 ‹ereditam
1068 2618 1118 2651 esse
1133 2618 1187 2652 nrm
1202 2610 1317 2666 perperam

276 2666 322 2717 the
341 2667 473 2731 Emperor.
822 2672 957 2718 nrrrerarr'ae
981 2670 1113 2733 prolatam
1144 2676 1185 2718 est.
1198 2671 1318 2720 —velut

308 2748 334 2796 3.
355 2733 433 2783 lame
451 2742 480 2784 et
497 2734 576 2785 leus:
594 2742 655 2782 note
672 2734 715 2782 the
733 2749 771 2782 ae·
822 2738 1014 2800 adgnoscere:
1033 2739 1070 2785 r'e.
1089 2753 1118 2785 as
1136 2737 1236 2799 though
1259 2738 1319 2803 they

275 2801 434 2852 cumulatiora
458 2799 487 2850 ol
508 2815 648 2866 synonyme
671 2799 696 2848 in
719 2801 771 2849 titis
822 2803 873 2853 had
885 2803 989 2870 already
1000 2821 1061 2854 seen
1074 2804 1159 2862 rhem;
1178 2822 1208 2853 so
1220 2807 1288 2855 clear
1304 2821 1319 2855 a

276 2883 398 2933 passage:
416 2868 494 2918 lama
515 2877 543 2917 et
564 2867 643 2927 laun
661 2869 772 2934 negoti·
821 2872 919 2936 picture
929 2871 995 2922 have
1008 2874 1068 2940 tbey
1077 2873 1170 2938 gained
1182 2875 1215 2940 by
1225 2885 1318 2939 repert.

275 2951 345 2986 usos
358 2945 386 2987 et
398 2939 485 2986 rebus
504 2937 647 2997 intentos;
665 2939 771 3003 vulgus
854 2941 882 2996 tl.
908 2941 1077 2993 Marcellum
1104 2943 1233 3008 Eprium,
1259 2943 1319 2993 Cri·

276 3003 451 3070 imperitum.
464 3006 611 3058 tunicatus
629 3009 771 3074 populus;
822 3021 907 3072 apum
917 3009 1053 3060 Vibium:
1071 3009 1113 3059 lor
1123 3010 1166 3060 the
1179 3012 1318 3074 transposi-

275 3073 403 3123 edvcnee
420 3082 449 3123 et
464 3075 769 3142 peregrini-quibus
821 3077 875 3126 tion
889 3075 918 3125 oi
930 3077 973 3126 the
985 3092 1075 3127 names
1086 3093 1130 3128 see
1146 3092 1165 3128 r.
1182 3091 1190 3127 r
1206 3095 1230 3127 n.
1268 3079 1318 3128 For

275 3141 361 3190 modo
370 3149 431 3190 est:
444 3143 531 3192 clause
540 3142 568 3192 ol
575 3141 769 3207 prorisoinind.
823 3145 961 3193 Marcellus
981 3161 1024 3194 see
1046 3158 1066 3211 5.
1086 3159 1137 3208 7n.
1154 3171 1156 3176 2
1173 3147 1206 3208 Q.
1226 3147 1318 3196 Vibius

306 3223 332 3270 4.
356 3207 500 3273 ingerunt,
523 3212 630 3274 impresr
655 3219 771 3275 repom—
822 3211 937 3276 Crispus.
955 3227 971 3261 a
988 3213 1075 3262 native
1093 3213 1122 3262 ol
1141 3214 1273 3264 Vercellae
1291 3215 1316 3264 in

274 3273 431 3334 tunicatus.
449 3278 478 3324 r'n
495 3277 614 3341 working
628 3279 716 3336 dress:
735 3277 768 3328 cf.
821 3277 953 3343 Cisalpine
971 3280 1047 3334 Gaul,
1066 3297 1118 3329 was
1136 3281 1216 3330 noted
1234 3297 1263 3330 as
1284 3297 1316 3331 an

277 3340 342 3391 lior.
354 3343 404 3405 Ep.
418 3343 439 3392 1.
457 3357 480 3406 7.
492 3343 525 3410 65
543 3346 606 3395 vilia
623 3347 768 3394 tendentem
820 3354 908 3395 orator
915 3344 966 3395 and
974 3361 1007 3396 an
1016 3347 1317 3398 informerunderNero.

273 3409 385 3458 tunicato
399 3417 485 3460 semea
498 3411 714 3475 popello-hle:
731 3413 767 3461 ie.
822 3411 865 3461 lie
879 3411 947 3462 filled
964 3415 1064 3463 several
1083 3414 1168 3464 minor
1185 3413 1273 3464 offices
1290 3415 1316 3465 in

273 3476 490 3542 norm-digito
501 3478 696 3529 demonstret:
713 3494 769 3527 usu·
819 3479 864 3528 the
876 3478 961 3542 reigns
973 3479 1003 3529 ol
1016 3481 1088 3530 Nero
1099 3479 1152 3530 aad
1165 3481 1317 3545 Vespasiam

272 3540 325 3606 ally
340 3541 420 3606 deivido
436 3551 587 3601 monstrare,
599 3544 644 3594 but
662 3543 695 3594 cf.
714 3545 768 3594 Cic.
819 3544 871 3594 aad
879 3544 940 3595 died
952 3557 979 3595 at
991 3562 1023 3596 aa
1037 3545 1170 3596 advanced
1180 3563 1228 3610 age
1238 3548 1262 3596 in
1272 3548 1317 3598 the

272 3607 304 3656 de
321 3608 366 3658 Or.
384 3609 420 3658 ll.
439 3609 488 3660 266
503 3611 676 3660 demonstrare
691 3613 770 3676 debito
819 3611 889 3676 reign
903 3613 932 3661 of
948 3613 1262 3665 Domitiam—novistt
1276 3629 1318 3664 re·
1395 3647 1398 3652 -

274 3676 373 3738 pictum
389 3677 503 3727 Gallum.
819 3680 962 3738 centibus.
980 3695 1037 3729 nero
1055 3681 1111 3730 and
1128 3681 1317 3750 consequently

306 3755 330 3806 ς.
349 3742 475 3804 nuditus.
485 3743 569 3796 heard
575 3743 635 3812 osa
646 3743 769 3810 significe-
818 3746 895 3812 fresh
909 3745 934 3796 ln
947 3745 992 3797 the
1004 3745 1090 3797 minda
1101 3746 1131 3797 oi
1142 3747 1183 3798 ull.
