2952 4138
254 206 288 258 24
605 205 631 252 Ρ.
652 203 833 253 CORNELII
858 203 985 253 'rhei'rr
1258 203 1306 271 [13.
1321 216 1350 248 2-

302 375 496 460 Augustum
514 373 622 458 gratia
634 371 739 438 carnit
757 392 866 457 neque
878 373 965 457 apud
982 328 1140 457 populum
1159 374 1346 438 Romanum

253 507 270 562 3
303 484 431 550 notitia.
479 483 601 548 Testes
618 481 768 566 Augusti
786 481 959 566 epistulae,
979 482 1078 546 testis
1102 481 1172 566 ipse
1194 483 1346 566 populus,

301 592 358 679 qui
370 592 492 658 auditis
506 591 540 656 in
553 591 685 656 theatro
698 590 839 676 Vergilii
851 591 1003 686 versibus
1017 591 1159 656 surrexit
1174 593 1348 657 universus
1420 649 1423 658 ,

302 713 336 768 et
352 703 440 767 lorte
457 711 668 786 praesentem
681 711 957 786 spectantemque
970 699 1157 785 Vergilium
1170 713 1348 768 veneratus

253 834 269 882 4
301 822 353 876 est
367 810 415 877 sic
427 810 522 896 quasi
534 809 738 894 Augustum.
790 811 843 875 Ne
856 811 981 875 nostris
993 810 1127 895 quidem
1142 811 1347 894 temporibus

302 921 479 987 Secundus
497 919 699 1004 Pomponius
722 919 810 984 Airo
831 919 980 984 Domitio
1003 919 1054 984 vel
1077 919 1242 1002 dignitate
1258 920 1347 985 vitae

254 1049 269 1105 ς
301 1029 353 1095 vel
378 1029 603 1114 perpetuitate
627 1029 736 1094 famae
761 1029 909 1094 cesserit.
960 1029 1046 1094 Nam
1073 1029 1212 1112 Crispus
1232 1030 1295 1094 iste
1313 1042 1346 1094 et

305 1138 494 1216 Marcellus,
512 1139 553 1203 ad
577 1159 719 1223 quorum
743 1139 894 1223 exempla
919 1160 972 1203 me
996 1159 1105 1216 vocas,
1123 1139 1201 1222 quid
1223 1140 1346 1204 habent

301 1248 335 1312 in
352 1249 416 1313 hac
432 1269 493 1312 sua
514 1248 650 1312 iortuna
666 1246 996 1330 concupiscendum?
1044 1249 1144 1332 Quod
1168 1249 1287 1312 timent
1304 1270 1346 1312 an

300 1357 387 1441 quod
410 1355 594 1420 timentur?
643 1357 752 1440 Quod,
771 1376 847 1420 cum
870 1354 1009 1420 cottidie
1028 1356 1152 1439 aliquid
1175 1366 1345 1438 rogentur,

302 1464 324 1529 ii
352 1465 474 1550 quibus
499 1485 565 1528 non
595 1475 765 1548 praestant
796 1463 1035 1546 indignantur?
1084 1465 1183 1548 Quod
1209 1463 1346 1548 adligati

300 1573 391 1638 omni
406 1573 598 1638 adulatione
620 1594 682 1638 nec
705 1573 947 1656 imperantibus
972 1571 1127 1658 umquam
1154 1573 1235 1637 satis
1260 1574 1346 1638 servi

301 1681 458 1748 videntur
486 1702 548 1747 nec
577 1681 673 1747 nobis
701 1681 784 1746 satis
810 1681 929 1746 liberi?
987 1683 1083 1766 Quae
1110 1684 1191 1747 haec
1218 1703 1348 1747 summa

251 1800 270 1852 6
301 1813 415 1858 eorum
433 1791 584 1876 potentia
600 1791 677 1856 est?
718 1791 864 1856 Tantum
883 1813 982 1875 posse
999 1792 1108 1856 liberti
1126 1793 1246 1858 solent.
1290 1793 1347 1857 lile

300 1923 379 1968 vero
398 1903 523 1979 dulces,
543 1912 578 1966 ut
597 1900 766 1986 Vergilius
783 1901 839 1979 ait,
861 1903 979 1967 illusae
1002 1914 1165 1966 remotum
1188 1925 1208 1968 a
1230 1903 1347 1968 solliei-

334 2130 358 2177 3.
382 2113 650 2166 auditisuersibus:
669 2115 798 2170 Donatus.
849 2113 1240 2181 ‹lrerlrnNerosrergn.59h.n.
1268 2117 1348 2178 Quin·

307 2183 363 2230 Vita
392 2183 462 2244 Verg.
488 2181 527 2237 τό,
550 2180 601 2230 and
627 2181 739 2237 Servius.
762 2198 797 2230 on
850 2183 920 2231 tilian
933 2197 993 2248 says
1004 2181 1033 2230 oi
1045 2182 1106 2234 lrirn.
1119 2184 1149 2230 X.
1164 2184 1240 2231 arrii
1259 2197 1346 2228 eornm

302 2249 358 2298 Est.
387 2248 411 2298 6.
440 2262 477 2305 rr,
506 2256 574 2297 state
603 2248 659 2298 that
689 2248 798 2310 Vergil’s
848 2265 910 2314 quos
938 2250 1045 2297 vici-rim
1077 2250 1208 2298 lunnrms
1232 2251 1298 2313 Aser
1325 2259 1350 2298 rt

303 2316 431 2380 Eclogues
450 2331 515 2366 were
535 2315 682 2382 frequently
703 2314 798 2364 recited
850 2317 937 2364 Iulius
954 2317 1096 2380 Africanus
1112 2318 1184 2375 torpa·
1201 2319 1349 2380 prr-..rantis-

301 2383 326 2432 in
339 2383 384 2433 the
396 2383 726 2440 theanen-universus,
739 2385 798 2432 r'ua
849 2385 916 2432 rimi.
966 2383 1016 2433 l'or
1040 2384 1083 2433 the
1111 2385 1295 2447 transposition
1320 2384 1349 2433 oi

300 2451 586 2516 barbe—Vergilium
605 2450 649 2500 the
662 2451 798 2514 repetition
850 2467 940 2499 nomm
953 2449 1004 2500 and
1016 2467 1150 2511 corraeorum
1164 2469 1207 2500 see
1224 2467 1241 2500 ι.
1259 2466 1265 2500 r
1283 2468 1306 2500 n.

301 2518 332 2569 oi
354 2519 399 2568 the
418 2533 494 2568 name
513 2518 596 2568 where
615 2533 652 2567 we
671 2518 799 2585 naturally
882 2533 906 2583 5.
930 2519 998 2583 quid
1017 2519 1125 2569 habent
1143 2519 1350 2583 concupiscen-

301 2592 392 2650 expect
404 2601 548 2650 apronoun
561 2585 639 2635 isnot
652 2584 798 2650 inireqrrent
850 2587 928 2645 durn,
942 2587 1013 2634 rodni
1028 2588 1060 2634 do
1076 2587 1133 2649 rheu
1142 2595 1238 2649 poso-ss
1254 2588 1311 2635 ΗΜ(
1327 2589 1349 2635 ir

205 2681 207 2686 v
301 2651 799 2716 in'l'acitus3chrima.>indupedita
850 2654 948 2716 nortia·
968 2653 1000 2719 (γ’
1016 2655 1090 2716 &ing
1107 2655 1348 2718 cor·ca·d.’-quod

304 2723 383 2785 prins
395 2721 511 2769 Domitia
523 2719 619 2782 Lepide
636 2719 801 2768 mralrturdns
851 2721 971 2770 timent:
999 2737 1035 2770 sc.
1060 2723 1214 2784 prirra'pcm.
1228 2723 1349 2785 —quod

301 2789 391 2843 causis,
403 2788 465 2852 quia
477 2787 580 2850 lepida,
590 2795 800 2836 ete-venera·
851 2787 1003 2837 timentur:
1022 2803 1056 2837 sc.
1066 2807 1082 2836 a
1094 2789 1222 2837 cererin-
1231 2788 1348 2851 adligati

303 2863 422 2906 tuaest:
436 2870 469 2903 an
477 2854 562 2904 honor
572 2854 672 2920 usually
680 2853 799 2903 reserved
850 2854 930 2904 omni
948 2855 1127 2905 adulatione:
1146 2855 1255 2921 literally
1268 2856 1352 2902 botrin!

301 2919 344 2970 ior
355 2920 400 2970 the
413 2920 460 2970 Em
481 2936 539 2970 eror
549 2921 601 2970 aad
615 2920 659 2970 the
672 2920 800 2970 members
851 2922 934 2984 hyali
949 2929 1014 2969 smus
1032 2922 1064 2986 ns
1071 2923 1185 2986 flauere.
1204 2924 1240 2970 ir.
1255 2922 1350 2981 feeling

301 2986 331 3036 oi
348 2985 388 3036 his
400 2937 496 3053 family.
851 2986 955 3049 obliged
980 2997 1007 3036 ro
1031 2987 1130 3038 bestow
1153 2989 1349 3038 it-tantum

334 3069 358 3118 4.
377 3053 529 3106 Secundus
541 3053 801 3119 Pomponiusarro
851 3068 939 3119 posse
964 3054 1058 3106 liberti
1088 3055 1193 3113 solent,
1213 3055 1349 3120 snardmrr

304 3120 446 3172 Domitio:
465 3119 509 3171 the
518 3120 637 3170 formera
647 3120 726 3183 tragic
738 3130 800 3184 poet
849 3137 895 3170 ure
906 3128 974 3170 roone
984 3128 1008 3170 to
1018 3122 1045 3170 dc
1059 3139 1089 3170 ‹rs
1100 3124 1232 3187 praecursu!
1243 3127 1281 3184 (os
1292 3123 1350 3186 they

258 3231 261 3240 ,
303 3185 708 3254 highlyratedbyQuintiliamol
715 3187 800 3236 whom
850 3189 913 3248 arel.
934 3189 972 3237 ic.
993 3187 1054 3255 they
1071 3188 1137 3238 have
1155 3205 1189 3238 no
1207 3204 1279 3239 more
1298 3190 1349 3239 real

302 3254 335 3305 he
347 3270 399 3304 was
410 3270 427 3304 a
440 3263 648 3321 contemperaryr
665 3253 698 3304 ci.
709 3253 799 3316 Quint.
851 3269 938 3319 power
950 3253 1012 3305 than
1024 3255 1069 3304 the
1081 3255 1172 3312 leherii,
1185 3270 1215 3304 or
1233 3256 1349 3319 imperial

303 3319 337 3371 X.
358 3333 378 3372 r.
395 3321 428 3386 98
450 3337 536 3372 eorem
560 3323 715 3384 tropaeorum
739 3337 801 3386 quos
851 3321 983 3380 laverites,
1009 3321 1068 3370 who
1097 3321 1255 3372 maintained
1284 3321 1351 3372 their

302 3389 410 3438 uiderim
428 3389 501 3452 longe
511 3389 633 3452 princeps
645 3389 801 3453 Pomponius
851 3387 980 3453 positione
1008 3389 1070 3454 only
1098 3388 1132 3454 hy
1156 3387 1270 3454 iawning
1298 3389 1349 3439 and

301 3456 439 3514 Secundus,
451 3471 524 3521 quem
537 3470 607 3506 serres
613 3463 710 3519 porum
723 3456 801 3520 trapi·
851 3455 973 3522 servility.
1000 3455 1073 3505 With
1083 3455 1179 3507 liberti
1191 3455 1350 3506 understand

301 3538 359 3573 cun
372 3523 507 3588 putabant,
518 3523 659 3573 eruditione
674 3539 705 3572 ac
720 3525 802 3572 nitore
853 3522 990 3587 priucr'pr‘s.
1451 3522 1456 3529 '

302 3589 636 3656 pmrtarcconfitcbaurur.
667 3589 801 3640 Domitius
884 3591 909 3640 ⁶.
933 3604 979 3640 me
1008 3603 1077 3640 uero
1106 3591 1205 3641 dulces
1236 3593 1350 3651 Musae,

303 3657 368 3708 Ater
389 3673 442 3707 was
461 3656 562 3708 onear
589 3655 634 3708 the
662 3665 731 3708 most
752 3656 801 3706 dis·
851 3665 912 3707 ete:
927 3657 1349 3723 Georr.ll.475meuer0primrmr

302 3723 452 3792 tinguiahed
462 3724 606 3778 oraturaoi
616 3723 726 3794 hiaday.
757 3725 801 3775 lle
851 3723 937 3775 dulces
947 3731 1006 3776 anu
1017 3726 1103 3775 σκυτέα
1116 3725 1350 3792 Maratocupreni.
