2982 4152
144 257 194 300 -ur,
209 250 248 314 ιι]
430 247 619 297 lHdLOGVh'
645 247 693 296 lili
715 250 788 296 ΗΚΛ
802 250 827 294 l'(
835 247 962 296 miuus.
1211 245 1243 296 19

144 437 277 501 quoque
299 429 388 481 artes
413 437 568 480 exercere
593 416 771 479 honestum
790 428 852 488 est,
871 437 909 478 ac
926 414 987 478 tibi
1009 415 1192 479 Nicostrati

145 528 246 590 robur
261 546 301 591 ac
318 527 405 589 vires
422 524 468 588 dii
484 525 666 600 dedissent,
686 546 751 588 non
778 537 910 606 paterer
935 523 1097 590 immanes
1119 524 1191 588 illos

144 647 177 700 ct
203 637 245 700 ad
272 656 417 719 pugnam
445 645 543 700 natos
569 635 712 699 lacertos
737 633 872 698 levitate
898 633 996 698 iaculi
1020 645 1077 698 aut
1103 633 1191 698 iactu

144 746 227 810 disci
244 765 433 821 vanescere,
452 744 500 810 sie
518 765 607 808 nunc
630 755 664 808 te
686 745 728 808 ab
750 743 923 807 auditoriis
943 755 977 806 et
999 743 1139 808 theatris
1159 743 1191 808 in

144 855 253 918 forum
271 865 304 918 ct
324 855 377 942 [ad
395 874 513 919 causas
530 865 563 917 et
581 853 635 940 ad]
654 873 732 918 vera
752 851 876 936 proelia
897 873 989 927 suco,
1009 873 1083 917 cum
1102 875 1191 935 prae·
1224 871 1241 920 8

144 963 258 1028 sertim
277 985 319 1028 ne
336 965 376 1028 ad
395 963 475 1027 illud
492 962 626 1046 quidem
645 961 826 1046 confugere
841 961 959 1046 possis,
974 963 1061 1046 quod
1079 962 1192 1045 pleris-

144 1095 208 1156 que
222 1073 457 1157 patrocinatur,
471 1085 638 1156 tamquam
652 1073 762 1135 minus
773 1071 951 1135 obnoxium
964 1072 1006 1135 sit
1019 1071 1191 1137 offendere

145 1193 316 1266 poetarum
342 1203 441 1266 quam
467 1194 636 1246 oratorum
661 1181 819 1245 studium.
875 1181 1076 1245 lifferrescit
1101 1182 1190 1246 enim
1224 1203 1242 1254 9

144 1293 194 1356 vis
223 1293 465 1376 pulcherrimae
491 1303 628 1356 naturae
653 1302 740 1366 tuae,
767 1312 828 1354 uec
854 1313 914 1374 pro
938 1291 1045 1355 amico
1069 1291 1189 1375 aliquo,

144 1402 213 1477 sed,
231 1404 318 1485 quod
344 1401 563 1484 periculosius
587 1413 649 1476 est,
673 1421 732 1484 pro
758 1401 887 1464 Catone
912 1400 1066 1466 offendis.
1118 1401 1190 1466 Nec
1211 1430 1242 1470 ro

145 1521 322 1575 excusatur
338 1511 469 1574 offensa
487 1509 735 1576 necessitudine
757 1508 855 1573 officii
882 1522 937 1574 aut
965 1510 1030 1575 lide
1054 1511 1191 1575 advoca·
1234 1551 1236 1556 ·

145 1620 246 1685 tionis
262 1633 319 1684 aut
338 1619 497 1684 fortuitae
520 1632 554 1686 et
577 1620 710 1685 subitae
734 1621 891 1684 <fictionis
909 1621 1059 1703 impetu:
1091 1621 1191 1686 medi·

144 1741 235 1794 tatus
271 1731 394 1795 videris
430 1729 574 1814 elegisse
611 1751 785 1813 personam
825 1730 1005 1794 notabilem
1043 1742 1077 1795 et
1114 1751 1189 1796 curn

144 1840 344 1905 auctoritate
369 1841 542 1907 dicturam.
597 1839 717 1904 Sentio
740 1840 818 1924 quid
846 1841 1038 1923 responderi
1064 1841 1191 1924 possit:

145 1948 223 2013 hinc
240 1949 396 2032 ingentes
410 1948 573 2014 exsistere
585 1952 758 2024 adsensus,
774 1950 856 2013 haec
871 1949 903 2012 iu
924 1949 1003 2032 ipsis
1016 1950 1190 2014 auditoriis
1212 1972 1237 2009 rr

145 2059 321 2142 praecipue
354 2059 479 2124 laudari
513 2070 545 2123 ct
575 2081 650 2123 mox
682 2058 829 2122 orunimu
863 2060 1073 2123 sermonibus
1101 2059 1189 2126 ferri.

144 2169 174 2232 T
176 2167 239 2232 olle
258 2169 359 2252 igitur
375 2169 497 2252 quictis
512 2180 544 2232 et
559 2167 750 2233 securitatis
764 2168 1024 2244 excusationem,
1039 2191 1115 2234 cum
1129 2169 1190 2234 tibi
1211 2199 1239 2236 ιε

144 2300 257 2343 sumas
273 2277 497 2343 aduersarium
516 2277 720 2364 superiorem
738 2301 744 2356 ;
772 2279 867 2344 uobis
885 2278 967 2343 sutis
984 2279 1027 2343 sit
1045 2279 1190 2364 priuatas

144 2459 203 2499 tute
229 2449 332 2498 iaculi:
362 2447 405 2498 the
429 2448 524 2513 javetin
549 2465 601 2498 was
625 2464 641 2497 a
692 2460 813 2503 ,rennuere
858 2450 1014 2500 meditatus
1025 2450 1046 2498 is
1060 2451 1103 2499 the
1116 2451 1191 2514 parti·

144 2517 209 2577 light
239 2529 586 2580 ueapmn—vanescere:
616 2518 641 2566 iu

144 2600 221 2648 prose
247 2599 263 2632 a
292 2585 499 2646 post-Augustan
524 2583 642 2632 word.-

144 2653 181 2700 ab
196 2651 335 2700 theatris:
353 2651 390 2698 rie.
404 2650 471 2698 from
485 2650 641 2708 recitations,

145 2718 227 2768 which
241 2734 307 2766 were
319 2717 392 2767 often
406 2716 466 2768 held
480 2718 505 2767 iu
520 2718 640 2768 theatres.

145 2786 202 2835 'l'he
224 2786 354 2835 reference
375 2796 470 2834 cannot
490 2787 521 2836 be
540 2796 568 2835 to
587 2785 643 2834 dra-

145 2853 222 2904 matic
241 2852 442 2918 performances,
458 2855 529 2904 since
546 2865 572 2903 at
592 2855 642 2902 this

145 2923 207 2970 time
231 2921 275 2971 the
304 2921 446 2984 legitimate
472 2921 562 2971 drama
590 2921 641 2970 had

145 2988 314 3054 disappeared
349 2988 418 3038 from
459 2989 503 3038 the
539 2990 642 3039 Roman

144 3069 225 3118 stage.

177 3130 201 3177 8.
220 3135 383 3191 tamquam:
401 3125 467 3174 asin
481 3125 643 3184 4.-—0ffen·

144 3198 223 3245 dere:
240 3193 388 3259 dependent
400 3209 468 3256 upon
478 3192 643 3252 obnoxium,

144 3263 294 3313 afirecism.
317 3261 374 3309 'l‘he
387 3261 503 3310 classical
514 3269 644 3310 construc-

144 3331 198 3382 tion
211 3331 233 3380 ls
247 3330 290 3379 the
300 3328 387 3379 dative
397 3329 426 3378 of
437 3344 546 3388 anouu3
561 3326 594 3378 cf.
606 3329 642 3379 16.

143 3413 158 3460 4
171 3398 322 3462 morrifieters
332 3399 437 3457 Μίκων’.

173 3479 212 3516 ιο.
225 3465 441 3516 necessitudine
450 3463 547 3514 officii:
560 3462 643 3513 ‘from

143 3532 272 3598 necessity
285 3532 316 3581 of
331 3532 490 3595 performing
502 3547 534 3580 an
548 3530 643 3593 ohliga-

145 3599 221 3655 tiou';
239 3601 391 3648 necessitudo
400 3599 642 3649 here=rrcccssitrrn

145 3666 311 3716 —fortuitae
325 3675 353 3715 et
367 3667 643 3728 subitaezrxrempo

144 3732 217 3780 ralis.
253 3735 302 3781 See
325 3731 349 3780 6.
372 3733 641 3791 Sn-medirntus,

144 3807 200 3858 etc..
213 3800 274 3848 wirla
286 3799 419 3850 dclr'berale
427 3807 541 3865 purpose
551 3800 583 3850 do
588 3815 642 3865 you

693 2518 765 2580 ciple.
779 2519 828 2564 aud
850 2518 869 2564 is
883 2516 1019 2582 employed
1038 2518 1071 2584 lry
1084 2517 1191 2568 'l'acitus

693 2585 753 2649 only
774 2584 824 2631 lus
859 2585 884 2632 iu
908 2585 942 2632 its
962 2585 1044 2634 active
1065 2601 1191 2634 sense.-

694 2665 847 2715 personam
861 2670 866 2698 :
896 2651 942 2699 ria.
967 2652 1043 2700 t‘ato.
1056 2680 1089 2689 κ
1100 2653 1191 2702 dictu·

693 2733 767 2768 tarn:
785 2719 810 2767 cf
831 2737 853 2774 u.
868 2733 914 2781 7u.
928 2735 1090 2768 relaturorum.

728 2801 766 2836 ιι.
785 2788 867 2836 hinc:
886 2789 922 2835 ir.
936 2785 1002 2835 from
1017 2797 1115 2854 poetry.

728 2869 766 2903 η.
786 2856 853 2904 tolle
878 2855 978 2918 igitur:
997 2871 1070 2905 some
1087 2872 1191 2906 assume

692 2939 707 2970 a
716 2924 805 2970 lacuna
815 2923 904 2970 before
916 2922 987 2972 these
996 2923 1087 2972 words.
1114 2926 1147 2973 dt
1158 2925 1190 2973 all

693 2998 783 3038 events
796 3007 832 3037 ue
847 2999 914 3038 must
930 2991 1022 3056 supply
1034 2991 1060 3039 iu
1079 2991 1190 3054 thought

693 3073 766 3106 some
785 3058 846 3104 surh
868 3058 959 3106 notion
981 3074 1023 3106 as:
1043 3060 1108 3107 ‘llut
1127 3073 1192 3124 your

694 3126 810 3184 lunarium
845 3125 905 3174 thus
930 3125 1000 3182 uires
1025 3125 1068 3174 the
1090 3135 1192 3188 greater

694 3193 794 3241 offense
819 3205 846 3239 ro
871 3193 946 3241 those
973 3192 997 3240 iu
1023 3207 1116 3255 prm’en
1139 3191 1191 3241 and

695 3259 781 3319 brings
806 3268 906 3313 'greater
929 3259 991 3322 peril
1016 3269 1043 3308 to
1069 3259 1191 3325 yourself.

694 3328 836 3377 'l'herefow
855 3343 926 3392 away
940 3329 1007 3388 (folle
1023 3328 1113 3388 fertur)
1131 3326 1190 3376 with

694 3393 738 3444 the
756 3396 814 3459 plen
830 3395 886 3444 that
904 3406 995 3460 poetry
1008 3395 1029 3444 is
1046 3410 1062 3444 a
1081 3393 1191 3460 tranquil

693 3463 745 3512 aad
763 3480 797 3510 ser
810 3481 852 3512 ure
871 3463 1034 3528 occupatiori,
1053 3464 1123 3513 since
1141 3478 1192 3528 you

694 3533 805 3597 yourself
830 3547 901 3580 rucur
924 3531 969 3579 the
993 3531 1109 3596 hostility
1128 3529 1158 3580 of
1176 3545 1193 3579 a

693 3599 810 3663 superior
829 3610 970 3662 opponem.
987 3600 1030 3648 the
1052 3595 1193 3663 Emperor!

692 3666 867 3731 -privatas
891 3666 1125 3717 controversias:
1154 3667 1191 3714 r'ae.

694 3731 770 3781 those
782 3749 855 3781 crues
867 3733 948 3782 which
965 3748 1076 3783 concern
1093 3733 1193 3783 neither

694 3799 738 3849 the
766 3809 834 3848 state
864 3815 912 3850 nor
942 3799 986 3851 the
1013 3801 1193 3868 Emperor.-
