<?xml version="1.0" encoding="UTF-8"?>
<!DOCTYPE html PUBLIC "-//W3C//DTD XHTML 1.0 Transitional//EN"
    "http://www.w3.org/TR/xhtml1/DTD/xhtml1-transitional.dtd">
<html xmlns="http://www.w3.org/1999/xhtml" xml:lang="en" lang="en">
 <head>
  <title>
</title>
<meta http-equiv="Content-Type" content="text/html;charset=utf-8" />
  <meta name='ocr-system' content='tesseract 3.04.00' />
  <meta name='ocr-capabilities' content='ocr_page ocr_carea ocr_par ocr_line ocrx_word'/>
</head>
<body>
  <div class='ocr_page' id='page_1' title='image "./dialogvsdeorato00benngoog_0114.png"; bbox 0 0 2910 4136; ppageno 0'>
   <div class='ocr_carea' id='block_1_1' title="bbox 254 219 1356 292">
    <p class='ocr_par' dir='ltr' id='par_1_1' title="bbox 254 219 1356 292">
     <span class='ocr_line' id='line_1_1' title="bbox 254 219 1356 292; baseline -0.01 -15"><span class='ocrx_word' id='word_1_1' title='bbox 254 223 294 292; x_wconf 77' lang='lat'>¹7⁶</span> <span class='ocrx_word' id='word_1_2' title='bbox 616 226 643 275; x_wconf 72' lang='grc' dir='ltr'>Ρ.</span> <span class='ocrx_word' id='word_1_3' title='bbox 664 223 843 274; x_wconf 68' lang='lat' dir='ltr'>consalu</span> <span class='ocrx_word' id='word_1_4' title='bbox 867 224 996 275; x_wconf 78' lang='lat' dir='ltr'>racrrr</span> <span class='ocrx_word' id='word_1_5' title='bbox 1266 219 1311 283; x_wconf 78' lang='lat' dir='ltr'>[rr.</span> <span class='ocrx_word' id='word_1_6' title='bbox 1329 235 1356 267; x_wconf 86' lang='lat'>1-</span> 
     </span>
    </p>
   </div>
   <div class='ocr_carea' id='block_1_2' title="bbox 246 391 1356 2018">
    <p class='ocr_par' dir='ltr' id='par_1_2' title="bbox 261 391 1355 701">
     <span class='ocr_line' id='line_1_2' title="bbox 261 391 1354 482; baseline -0.001 -24"><span class='ocrx_word' id='word_1_7' title='bbox 261 391 298 458; x_wconf 82' lang='lat'>41</span> <span class='ocrx_word' id='word_1_8' title='bbox 357 393 415 460; x_wconf 90' lang='lat' dir='ltr'>Sic</span> <span class='ocrx_word' id='word_1_9' title='bbox 431 414 563 481; x_wconf 91' lang='lat' dir='ltr'>quoque</span> <span class='ocrx_word' id='word_1_10' title='bbox 579 396 667 482; x_wconf 93' lang='lat' dir='ltr'>quod</span> <span class='ocrx_word' id='word_1_11' title='bbox 685 406 838 479; x_wconf 84' lang='lat' dir='ltr'><strong>superest</strong></span> <span class='ocrx_word' id='word_1_12' title='bbox 850 394 979 479; x_wconf 84' lang='lat' dir='ltr'>antiqui</span> <span class='ocrx_word' id='word_1_13' title='bbox 995 393 1182 459; x_wconf 89' lang='lat' dir='ltr'>oratoribus</span> <span class='ocrx_word' id='word_1_14' title='bbox 1199 392 1273 469; x_wconf 83' lang='lat' dir='ltr'>lori,</span> <span class='ocrx_word' id='word_1_15' title='bbox 1286 414 1354 458; x_wconf 88' lang='lat' dir='ltr'>non</span> 
     </span>
     <span class='ocr_line' id='line_1_3' title="bbox 309 503 1355 590; baseline -0.001 -21"><span class='ocrx_word' id='word_1_16' title='bbox 309 505 508 571; x_wconf 85' lang='lat' dir='ltr'>emendatae</span> <span class='ocrx_word' id='word_1_17' title='bbox 521 527 583 572; x_wconf 90' lang='lat' dir='ltr'>nec</span> <span class='ocrx_word' id='word_1_18' title='bbox 594 526 699 590; x_wconf 91' lang='lat' dir='ltr'>usque</span> <span class='ocrx_word' id='word_1_19' title='bbox 712 507 752 570; x_wconf 89' lang='lat' dir='ltr'>ad</span> <span class='ocrx_word' id='word_1_20' title='bbox 764 517 878 570; x_wconf 91' lang='lat' dir='ltr'>votum</span> <span class='ocrx_word' id='word_1_21' title='bbox 892 505 1096 589; x_wconf 86' lang='lat' dir='ltr'>compositae</span> <span class='ocrx_word' id='word_1_22' title='bbox 1107 503 1251 570; x_wconf 85' lang='lat' dir='ltr'>civitatis</span> <span class='ocrx_word' id='word_1_23' title='bbox 1261 524 1355 588; x_wconf 86' lang='lat' dir='ltr'>argu·</span> 
     </span>
     <span class='ocr_line' id='line_1_4' title="bbox 310 614 1353 701; baseline -0.001 -23"><span class='ocrx_word' id='word_1_24' title='bbox 310 625 461 679; x_wconf 91' lang='lat' dir='ltr'>mentum</span> <span class='ocrx_word' id='word_1_25' title='bbox 475 626 537 681; x_wconf 87' lang='lat' dir='ltr'>est.</span> <span class='ocrx_word' id='word_1_26' title='bbox 564 615 650 701; x_wconf 91' lang='lat' dir='ltr'>Quis</span> <span class='ocrx_word' id='word_1_27' title='bbox 667 615 755 680; x_wconf 88' lang='lat' dir='ltr'>enirn</span> <span class='ocrx_word' id='word_1_28' title='bbox 770 637 832 681; x_wconf 91' lang='lat' dir='ltr'>nos</span> <span class='ocrx_word' id='word_1_29' title='bbox 847 617 985 680; x_wconf 87' lang='lat' dir='ltr'>advocat</span> <span class='ocrx_word' id='word_1_30' title='bbox 1004 614 1067 679; x_wconf 89' lang='lat' dir='ltr'>nisi</span> <span class='ocrx_word' id='word_1_31' title='bbox 1084 626 1140 680; x_wconf 87' lang='lat' dir='ltr'>aut</span> <span class='ocrx_word' id='word_1_32' title='bbox 1158 635 1283 680; x_wconf 88' lang='lat' dir='ltr'>nocens</span> <span class='ocrx_word' id='word_1_33' title='bbox 1296 624 1353 678; x_wconf 88' lang='lat' dir='ltr'>aut</span> 
     </span>
    </p>

    <p class='ocr_par' dir='ltr' id='par_1_3' title="bbox 262 722 1355 1029">
     <span class='ocr_line' id='line_1_5' title="bbox 262 722 1353 810; baseline -0.002 -20"><span class='ocrx_word' id='word_1_34' title='bbox 262 753 277 790; x_wconf 69' lang='grc' dir='ltr'><strong><em>ι</em></strong></span> <span class='ocrx_word' id='word_1_35' title='bbox 311 722 436 804; x_wconf 69' lang='lat' dir='ltr'>miser?</span> <span class='ocrx_word' id='word_1_36' title='bbox 476 726 575 810; x_wconf 90' lang='lat' dir='ltr'>Quod</span> <span class='ocrx_word' id='word_1_37' title='bbox 593 724 809 810; x_wconf 91' lang='lat' dir='ltr'>municipium</span> <span class='ocrx_word' id='word_1_38' title='bbox 835 725 867 790; x_wconf 90' lang='lat' dir='ltr'>in</span> <span class='ocrx_word' id='word_1_39' title='bbox 891 724 1079 791; x_wconf 88' lang='lat' dir='ltr'>clientelam</span> <span class='ocrx_word' id='word_1_40' title='bbox 1097 735 1245 790; x_wconf 88' lang='lat' dir='ltr'>nostram</span> <span class='ocrx_word' id='word_1_41' title='bbox 1262 725 1353 789; x_wconf 89' lang='lat' dir='ltr'>venit</span> 
     </span>
     <span class='ocr_line' id='line_1_6' title="bbox 311 831 1355 918; baseline 0.004 -22"><span class='ocrx_word' id='word_1_42' title='bbox 311 831 375 897; x_wconf 91' lang='lat' dir='ltr'>nisi</span> <span class='ocrx_word' id='word_1_43' title='bbox 391 833 480 918; x_wconf 92' lang='lat' dir='ltr'>quod</span> <span class='ocrx_word' id='word_1_44' title='bbox 496 845 553 898; x_wconf 90' lang='lat' dir='ltr'>aut</span> <span class='ocrx_word' id='word_1_45' title='bbox 577 835 707 900; x_wconf 88' lang='lat' dir='ltr'>vicinus</span> <span class='ocrx_word' id='word_1_46' title='bbox 732 835 874 918; x_wconf 91' lang='lat' dir='ltr'>populus</span> <span class='ocrx_word' id='word_1_47' title='bbox 897 845 954 900; x_wconf 90' lang='lat' dir='ltr'>aut</span> <span class='ocrx_word' id='word_1_48' title='bbox 983 835 1167 900; x_wconf 87' lang='lat' dir='ltr'>domestica</span> <span class='ocrx_word' id='word_1_49' title='bbox 1190 835 1355 900; x_wconf 85' lang='lat' dir='ltr'>discordia</span> 
     </span>
     <span class='ocr_line' id='line_1_7' title="bbox 309 941 1354 1029; baseline 0.002 -23"><span class='ocrx_word' id='word_1_50' title='bbox 309 941 440 1026; x_wconf 84' lang='lat' dir='ltr'>agitat?</span> <span class='ocrx_word' id='word_1_51' title='bbox 473 944 582 1029; x_wconf 92' lang='lat' dir='ltr'>Quam</span> <span class='ocrx_word' id='word_1_52' title='bbox 600 943 802 1027; x_wconf 85' lang='lat' dir='ltr'>provinciam</span> <span class='ocrx_word' id='word_1_53' title='bbox 829 955 963 1010; x_wconf 86' lang='lat' dir='ltr'>tuemur</span> <span class='ocrx_word' id='word_1_54' title='bbox 989 945 1053 1008; x_wconf 91' lang='lat' dir='ltr'>nisi</span> <span class='ocrx_word' id='word_1_55' title='bbox 1070 945 1244 1028; x_wconf 84' lang='lat' dir='ltr'>spoliatam</span> <span class='ocrx_word' id='word_1_56' title='bbox 1262 966 1354 1008; x_wconf 88' lang='lat' dir='ltr'>vexa·</span> 
     </span>
    </p>

    <p class='ocr_par' dir='ltr' id='par_1_4' title="bbox 261 1053 1353 1139">
     <span class='ocr_line' id='line_1_8' title="bbox 261 1053 1353 1139; baseline 0.003 -22"><span class='ocrx_word' id='word_1_57' title='bbox 261 1073 278 1128; x_wconf 77' lang='lat'>3</span> <span class='ocrx_word' id='word_1_58' title='bbox 311 1053 465 1138; x_wconf 85' lang='lat' dir='ltr'>tamque?</span> <span class='ocrx_word' id='word_1_59' title='bbox 497 1053 605 1138; x_wconf 84' lang='lat' dir='ltr'>Atqui</span> <span class='ocrx_word' id='word_1_60' title='bbox 618 1053 737 1118; x_wconf 89' lang='lat' dir='ltr'>melius</span> <span class='ocrx_word' id='word_1_61' title='bbox 750 1053 869 1119; x_wconf 85' lang='lat' dir='ltr'>luisset</span> <span class='ocrx_word' id='word_1_62' title='bbox 883 1075 949 1118; x_wconf 90' lang='lat' dir='ltr'>non</span> <span class='ocrx_word' id='word_1_63' title='bbox 962 1054 1057 1139; x_wconf 90' lang='lat' dir='ltr'>queri</span> <span class='ocrx_word' id='word_1_64' title='bbox 1072 1075 1171 1139; x_wconf 89' lang='lat' dir='ltr'>quam</span> <span class='ocrx_word' id='word_1_65' title='bbox 1184 1054 1353 1120; x_wconf 87' lang='lat' dir='ltr'>vindicari.</span> 
     </span>
    </p>

    <p class='ocr_par' dir='ltr' id='par_1_5' title="bbox 246 1162 1356 1358">
     <span class='ocr_line' id='line_1_9' title="bbox 246 1162 1352 1249; baseline 0 -21"><span class='ocrx_word' id='word_1_66' title='bbox 246 1200 251 1209; x_wconf 92' lang='lat'>-</span> <span class='ocrx_word' id='word_1_67' title='bbox 312 1163 411 1249; x_wconf 91' lang='lat' dir='ltr'>Quod</span> <span class='ocrx_word' id='word_1_68' title='bbox 425 1163 454 1230; x_wconf 90' lang='lat' dir='ltr'>si</span> <span class='ocrx_word' id='word_1_69' title='bbox 471 1162 677 1229; x_wconf 86' lang='lat' dir='ltr'>inveniretur</span> <span class='ocrx_word' id='word_1_70' title='bbox 692 1163 801 1247; x_wconf 85' lang='lat' dir='ltr'>aliqua</span> <span class='ocrx_word' id='word_1_71' title='bbox 814 1162 934 1229; x_wconf 86' lang='lat' dir='ltr'>ciuitas</span> <span class='ocrx_word' id='word_1_72' title='bbox 952 1163 1064 1249; x_wconf 91' lang='lat' dir='ltr'>inqua</span> <span class='ocrx_word' id='word_1_73' title='bbox 1078 1186 1176 1230; x_wconf 90' lang='lat' dir='ltr'>nemo</span> <span class='ocrx_word' id='word_1_74' title='bbox 1189 1175 1352 1248; x_wconf 86' lang='lat' dir='ltr'>peccaret,</span> 
     </span>
     <span class='ocr_line' id='line_1_10' title="bbox 311 1274 1356 1358; baseline 0.001 -20"><span class='ocrx_word' id='word_1_75' title='bbox 311 1294 538 1358; x_wconf 89' lang='lat' dir='ltr'>supervacuus</span> <span class='ocrx_word' id='word_1_76' title='bbox 563 1285 653 1339; x_wconf 91' lang='lat' dir='ltr'>esset</span> <span class='ocrx_word' id='word_1_77' title='bbox 678 1274 766 1339; x_wconf 91' lang='lat' dir='ltr'>inter</span> <span class='ocrx_word' id='word_1_78' title='bbox 791 1274 990 1340; x_wconf 88' lang='lat' dir='ltr'>innocentes</span> <span class='ocrx_word' id='word_1_79' title='bbox 1013 1286 1134 1352; x_wconf 90' lang='lat' dir='ltr'>orator,</span> <span class='ocrx_word' id='word_1_80' title='bbox 1156 1275 1242 1340; x_wconf 92' lang='lat' dir='ltr'>sicut</span> <span class='ocrx_word' id='word_1_81' title='bbox 1268 1275 1356 1340; x_wconf 89' lang='lat' dir='ltr'>inter</span> 
     </span>
    </p>

    <p class='ocr_par' dir='ltr' id='par_1_6' title="bbox 261 1383 1356 1908">
     <span class='ocr_line' id='line_1_11' title="bbox 261 1383 1355 1468; baseline -0.005 -15"><span class='ocrx_word' id='word_1_82' title='bbox 261 1404 278 1453; x_wconf 79' lang='grc'><strong>4</strong></span> <span class='ocrx_word' id='word_1_83' title='bbox 311 1403 412 1448; x_wconf 86' lang='lat' dir='ltr'>sanos</span> <span class='ocrx_word' id='word_1_84' title='bbox 430 1383 602 1461; x_wconf 90' lang='lat' dir='ltr'>medicus;</span> <span class='ocrx_word' id='word_1_85' title='bbox 633 1405 700 1468; x_wconf 92' lang='lat' dir='ltr'>quo</span> <span class='ocrx_word' id='word_1_86' title='bbox 722 1385 819 1448; x_wconf 91' lang='lat' dir='ltr'>modo</span> <span class='ocrx_word' id='word_1_87' title='bbox 841 1383 930 1448; x_wconf 90' lang='lat' dir='ltr'>enim</span> <span class='ocrx_word' id='word_1_88' title='bbox 956 1385 1131 1449; x_wconf 90' lang='lat' dir='ltr'>minimum</span> <span class='ocrx_word' id='word_1_89' title='bbox 1158 1406 1237 1449; x_wconf 93' lang='lat' dir='ltr'>usus</span> <span class='ocrx_word' id='word_1_90' title='bbox 1262 1384 1355 1448; x_wconf 90' lang='lat' dir='ltr'>mini-</span> 
     </span>
     <span class='ocr_line' id='line_1_12' title="bbox 311 1492 1355 1579; baseline -0.001 -21"><span class='ocrx_word' id='word_1_91' title='bbox 311 1513 469 1579; x_wconf 89' lang='lat' dir='ltr'>mumque</span> <span class='ocrx_word' id='word_1_92' title='bbox 486 1492 656 1578; x_wconf 84' lang='lat' dir='ltr'>profectus</span> <span class='ocrx_word' id='word_1_93' title='bbox 678 1514 732 1558; x_wconf 88' lang='lat' dir='ltr'>ars</span> <span class='ocrx_word' id='word_1_94' title='bbox 759 1493 925 1558; x_wconf 89' lang='lat' dir='ltr'>medentis</span> <span class='ocrx_word' id='word_1_95' title='bbox 951 1493 1051 1558; x_wconf 88' lang='lat' dir='ltr'>habet</span> <span class='ocrx_word' id='word_1_96' title='bbox 1075 1493 1172 1558; x_wconf 91' lang='lat' dir='ltr'>iniis</span> <span class='ocrx_word' id='word_1_97' title='bbox 1197 1493 1355 1578; x_wconf 87' lang='lat' dir='ltr'>gentibus</span> 
     </span>
     <span class='ocr_line' id='line_1_13' title="bbox 310 1601 1355 1688; baseline 0 -20"><span class='ocrx_word' id='word_1_98' title='bbox 310 1622 396 1688; x_wconf 89' lang='lat' dir='ltr'>quae</span> <span class='ocrx_word' id='word_1_99' title='bbox 420 1601 608 1667; x_wconf 85' lang='lat' dir='ltr'>firmissima</span> <span class='ocrx_word' id='word_1_100' title='bbox 631 1601 822 1668; x_wconf 89' lang='lat' dir='ltr'>valetudine</span> <span class='ocrx_word' id='word_1_101' title='bbox 845 1624 884 1668; x_wconf 90' lang='lat' dir='ltr'>ac</span> <span class='ocrx_word' id='word_1_102' title='bbox 909 1603 1136 1669; x_wconf 87' lang='lat' dir='ltr'>saluberrimis</span> <span class='ocrx_word' id='word_1_103' title='bbox 1160 1603 1355 1687; x_wconf 90' lang='lat' dir='ltr'>corporibus</span> 
     </span>
     <span class='ocr_line' id='line_1_14' title="bbox 312 1710 1356 1798; baseline 0.001 -22"><span class='ocrx_word' id='word_1_104' title='bbox 312 1722 461 1788; x_wconf 88' lang='lat' dir='ltr'>utuntur,</span> <span class='ocrx_word' id='word_1_105' title='bbox 480 1711 528 1777; x_wconf 92' lang='lat' dir='ltr'>sic</span> <span class='ocrx_word' id='word_1_106' title='bbox 544 1710 653 1777; x_wconf 92' lang='lat' dir='ltr'>minor</span> <span class='ocrx_word' id='word_1_107' title='bbox 673 1722 842 1777; x_wconf 90' lang='lat' dir='ltr'>oratorum</span> <span class='ocrx_word' id='word_1_108' title='bbox 864 1713 970 1777; x_wconf 91' lang='lat' dir='ltr'>honor</span> <span class='ocrx_word' id='word_1_109' title='bbox 992 1713 1230 1797; x_wconf 89' lang='lat' dir='ltr'>obscuriorque</span> <span class='ocrx_word' id='word_1_110' title='bbox 1249 1711 1356 1798; x_wconf 87' lang='lat' dir='ltr'>gloria</span> 
     </span>
     <span class='ocr_line' id='line_1_15' title="bbox 311 1820 1354 1908; baseline 0.001 -21"><span class='ocrx_word' id='word_1_111' title='bbox 311 1831 364 1888; x_wconf 90' lang='lat' dir='ltr'>est</span> <span class='ocrx_word' id='word_1_112' title='bbox 381 1821 469 1887; x_wconf 90' lang='lat' dir='ltr'>inter</span> <span class='ocrx_word' id='word_1_113' title='bbox 484 1821 591 1887; x_wconf 90' lang='lat' dir='ltr'>bonos</span> <span class='ocrx_word' id='word_1_114' title='bbox 608 1843 718 1887; x_wconf 89' lang='lat' dir='ltr'>mores</span> <span class='ocrx_word' id='word_1_115' title='bbox 734 1832 768 1887; x_wconf 92' lang='lat' dir='ltr'>et</span> <span class='ocrx_word' id='word_1_116' title='bbox 786 1820 819 1888; x_wconf 84' lang='lat' dir='ltr'>in</span> <span class='ocrx_word' id='word_1_117' title='bbox 837 1822 1034 1907; x_wconf 89' lang='lat' dir='ltr'>obsequium</span> <span class='ocrx_word' id='word_1_118' title='bbox 1048 1823 1197 1908; x_wconf 86' lang='lat' dir='ltr'>regentis</span> <span class='ocrx_word' id='word_1_119' title='bbox 1211 1833 1354 1908; x_wconf 87' lang='lat' dir='ltr'>paratos.</span> 
     </span>
    </p>

    <p class='ocr_par' dir='ltr' id='par_1_7' title="bbox 263 1932 1355 2018">
     <span class='ocr_line' id='line_1_16' title="bbox 263 1932 1355 2018; baseline 0 -20"><span class='ocrx_word' id='word_1_120' title='bbox 263 1951 278 2008; x_wconf 79' lang='grc' dir='ltr'><strong>ς</strong></span> <span class='ocrx_word' id='word_1_121' title='bbox 313 1932 404 2018; x_wconf 90' lang='lat' dir='ltr'>Quid</span> <span class='ocrx_word' id='word_1_122' title='bbox 429 1932 518 1998; x_wconf 90' lang='lat' dir='ltr'>enim</span> <span class='ocrx_word' id='word_1_123' title='bbox 542 1954 626 2017; x_wconf 91' lang='lat' dir='ltr'>opus</span> <span class='ocrx_word' id='word_1_124' title='bbox 651 1943 704 1998; x_wconf 90' lang='lat' dir='ltr'>est</span> <span class='ocrx_word' id='word_1_125' title='bbox 727 1932 837 2018; x_wconf 87' lang='lat' dir='ltr'>longis</span> <span class='ocrx_word' id='word_1_126' title='bbox 863 1932 896 1998; x_wconf 93' lang='lat' dir='ltr'>in</span> <span class='ocrx_word' id='word_1_127' title='bbox 921 1945 1040 1999; x_wconf 90' lang='lat' dir='ltr'>senatu</span> <span class='ocrx_word' id='word_1_128' title='bbox 1064 1935 1253 2011; x_wconf 87' lang='lat' dir='ltr'>sententiis,</span> <span class='ocrx_word' id='word_1_129' title='bbox 1279 1955 1355 1998; x_wconf 90' lang='lat' dir='ltr'>cum</span> 
     </span>
    </p>
   </div>
   <div class='ocr_carea' id='block_1_3' title="bbox 256 2043 1355 2676">
    <p class='ocr_par' dir='ltr' id='par_1_8' title="bbox 256 2043 1355 2676">
     <span class='ocr_line' id='line_1_17' title="bbox 310 2043 1354 2129; baseline 0 -21"><span class='ocrx_word' id='word_1_130' title='bbox 310 2043 429 2128; x_wconf 88' lang='lat' dir='ltr'>optimi</span> <span class='ocrx_word' id='word_1_131' title='bbox 457 2043 525 2108; x_wconf 93' lang='lat' dir='ltr'>cito</span> <span class='ocrx_word' id='word_1_132' title='bbox 552 2043 788 2109; x_wconf 84' lang='lat' dir='ltr'>consentiant?</span> <span class='ocrx_word' id='word_1_133' title='bbox 830 2043 920 2129; x_wconf 88' lang='lat' dir='ltr'>Quid</span> <span class='ocrx_word' id='word_1_134' title='bbox 945 2043 1060 2109; x_wconf 90' lang='lat' dir='ltr'>multis</span> <span class='ocrx_word' id='word_1_135' title='bbox 1083 2045 1169 2128; x_wconf 90' lang='lat' dir='ltr'>apud</span> <span class='ocrx_word' id='word_1_136' title='bbox 1196 2044 1354 2128; x_wconf 88' lang='lat' dir='ltr'>populum</span> 
     </span>
     <span class='ocr_line' id='line_1_18' title="bbox 310 2153 1355 2239; baseline -0.002 -20"><span class='ocrx_word' id='word_1_137' title='bbox 310 2153 535 2230; x_wconf 89' lang='lat' dir='ltr'>contionibus,</span> <span class='ocrx_word' id='word_1_138' title='bbox 553 2175 629 2218; x_wconf 93' lang='lat' dir='ltr'>cum</span> <span class='ocrx_word' id='word_1_139' title='bbox 653 2155 695 2218; x_wconf 87' lang='lat' dir='ltr'>de</span> <span class='ocrx_word' id='word_1_140' title='bbox 719 2154 914 2239; x_wconf 88' lang='lat' dir='ltr'>republica</span> <span class='ocrx_word' id='word_1_141' title='bbox 938 2176 1003 2218; x_wconf 90' lang='lat' dir='ltr'>non</span> <span class='ocrx_word' id='word_1_142' title='bbox 1030 2154 1175 2238; x_wconf 88' lang='lat' dir='ltr'>imperiti</span> <span class='ocrx_word' id='word_1_143' title='bbox 1200 2165 1233 2218; x_wconf 87' lang='lat' dir='ltr'>et</span> <span class='ocrx_word' id='word_1_144' title='bbox 1260 2154 1355 2218; x_wconf 87' lang='lat' dir='ltr'>multi</span> 
     </span>
     <span class='ocr_line' id='line_1_19' title="bbox 260 2263 1355 2349; baseline 0.005 -27"><span class='ocrx_word' id='word_1_145' title='bbox 260 2271 279 2322; x_wconf 85' lang='lat'>6</span> <span class='ocrx_word' id='word_1_146' title='bbox 310 2263 507 2340; x_wconf 89' lang='lat' dir='ltr'>deliberent,</span> <span class='ocrx_word' id='word_1_147' title='bbox 523 2265 582 2328; x_wconf 92' lang='lat' dir='ltr'>sed</span> <span class='ocrx_word' id='word_1_148' title='bbox 595 2263 863 2348; x_wconf 89' lang='lat' dir='ltr'>sapientissimus</span> <span class='ocrx_word' id='word_1_149' title='bbox 880 2274 913 2329; x_wconf 91' lang='lat' dir='ltr'>ct</span> <span class='ocrx_word' id='word_1_150' title='bbox 931 2265 1041 2329; x_wconf 88' lang='lat' dir='ltr'>unns?</span> <span class='ocrx_word' id='word_1_151' title='bbox 1066 2265 1145 2349; x_wconf 89' lang='lat' dir='ltr'>quid</span> <span class='ocrx_word' id='word_1_152' title='bbox 1159 2264 1355 2328; x_wconf 90' lang='lat' dir='ltr'>voluntariis</span> 
     </span>
     <span class='ocr_line' id='line_1_20' title="bbox 309 2371 1355 2458; baseline -0.002 -20"><span class='ocrx_word' id='word_1_153' title='bbox 309 2371 590 2448; x_wconf 87' lang='lat' dir='ltr'>accusationibus,</span> <span class='ocrx_word' id='word_1_154' title='bbox 608 2394 683 2438; x_wconf 91' lang='lat' dir='ltr'>cum</span> <span class='ocrx_word' id='word_1_155' title='bbox 709 2384 776 2436; x_wconf 91' lang='lat' dir='ltr'>tam</span> <span class='ocrx_word' id='word_1_156' title='bbox 801 2394 875 2438; x_wconf 87' lang='lat' dir='ltr'>raro</span> <span class='ocrx_word' id='word_1_157' title='bbox 899 2383 933 2437; x_wconf 91' lang='lat' dir='ltr'>et</span> <span class='ocrx_word' id='word_1_158' title='bbox 958 2384 1027 2438; x_wconf 90' lang='lat' dir='ltr'>tam</span> <span class='ocrx_word' id='word_1_159' title='bbox 1052 2395 1150 2458; x_wconf 86' lang='lat' dir='ltr'>parce</span> <span class='ocrx_word' id='word_1_160' title='bbox 1175 2374 1355 2457; x_wconf 88' lang='lat' dir='ltr'>peccetur?</span> 
     </span>
     <span class='ocr_line' id='line_1_21' title="bbox 311 2480 1354 2567; baseline -0.002 -21"><span class='ocrx_word' id='word_1_161' title='bbox 311 2481 402 2567; x_wconf 89' lang='lat' dir='ltr'>Quid</span> <span class='ocrx_word' id='word_1_162' title='bbox 423 2480 595 2546; x_wconf 87' lang='lat' dir='ltr'>invidiosis</span> <span class='ocrx_word' id='word_1_163' title='bbox 619 2491 654 2545; x_wconf 93' lang='lat' dir='ltr'>et</span> <span class='ocrx_word' id='word_1_164' title='bbox 678 2480 918 2547; x_wconf 88' lang='lat' dir='ltr'>excedentibus</span> <span class='ocrx_word' id='word_1_165' title='bbox 940 2482 1075 2546; x_wconf 90' lang='lat' dir='ltr'>modum</span> <span class='ocrx_word' id='word_1_166' title='bbox 1092 2480 1354 2558; x_wconf 82' lang='lat' dir='ltr'>defensionibus,</span> 
     </span>
     <span class='ocr_line' id='line_1_22' title="bbox 256 2587 1355 2676; baseline -0.002 -20"><span class='ocrx_word' id='word_1_167' title='bbox 256 2631 258 2635; x_wconf 35' lang='lat' dir='ltr'>v</span> <span class='ocrx_word' id='word_1_168' title='bbox 275 2587 278 2594; x_wconf 80' lang='lat'>&#39;</span> <span class='ocrx_word' id='word_1_169' title='bbox 311 2613 387 2656; x_wconf 92' lang='lat' dir='ltr'>cum</span> <span class='ocrx_word' id='word_1_170' title='bbox 404 2589 585 2657; x_wconf 90' lang='lat' dir='ltr'>clementia</span> <span class='ocrx_word' id='word_1_171' title='bbox 601 2589 837 2674; x_wconf 86' lang='lat' dir='ltr'>cognoscentis</span> <span class='ocrx_word' id='word_1_172' title='bbox 850 2590 980 2656; x_wconf 91' lang='lat' dir='ltr'>obviam</span> <span class='ocrx_word' id='word_1_173' title='bbox 995 2590 1262 2676; x_wconf 88' lang='lat' dir='ltr'>periclitantibus</span> <span class='ocrx_word' id='word_1_174' title='bbox 1280 2590 1355 2655; x_wconf 90' lang='lat' dir='ltr'>eat?</span> 
     </span>
    </p>
   </div>
   <div class='ocr_carea' id='block_1_4' title="bbox 305 2747 1360 3827">
    <p class='ocr_par' dir='ltr' id='par_1_9' title="bbox 309 2747 1358 3016">
     <span class='ocr_line' id='line_1_23' title="bbox 343 2747 1358 2815; baseline -0.002 -15"><span class='ocrx_word' id='word_1_175' title='bbox 343 2747 388 2806; x_wconf 80' lang='grc'>41.</span> <span class='ocrx_word' id='word_1_176' title='bbox 413 2749 455 2800; x_wconf 83' lang='lat' dir='ltr'>sic</span> <span class='ocrx_word' id='word_1_177' title='bbox 470 2763 594 2815; x_wconf 84' lang='lat' dir='ltr'>quoque,</span> <span class='ocrx_word' id='word_1_178' title='bbox 606 2758 667 2799; x_wconf 78' lang='lat' dir='ltr'>etc:</span> <span class='ocrx_word' id='word_1_179' title='bbox 685 2755 731 2798; x_wconf 80' lang='lat' dir='ltr'>‘so</span> <span class='ocrx_word' id='word_1_180' title='bbox 743 2765 808 2800; x_wconf 83' lang='lat' dir='ltr'>even</span> <span class='ocrx_word' id='word_1_181' title='bbox 860 2749 956 2814; x_wconf 70' lang='lat' dir='ltr'>gentle</span> <span class='ocrx_word' id='word_1_182' title='bbox 981 2758 1107 2815; x_wconf 78' lang='lat' dir='ltr'>paratos,</span> <span class='ocrx_word' id='word_1_183' title='bbox 1127 2750 1184 2799; x_wconf 84' lang='lat' dir='ltr'>nnd</span> <span class='ocrx_word' id='word_1_184' title='bbox 1203 2750 1319 2799; x_wconf 73' lang='lat' dir='ltr'>inclined</span> <span class='ocrx_word' id='word_1_185' title='bbox 1334 2757 1358 2799; x_wconf 81' lang='lat' dir='ltr'>ro</span> 
     </span>
     <span class='ocr_line' id='line_1_24' title="bbox 310 2815 1188 2883; baseline -0.001 -18"><span class='ocrx_word' id='word_1_186' title='bbox 310 2815 405 2883; x_wconf 83' lang='lat' dir='ltr'>today,</span> <span class='ocrx_word' id='word_1_187' title='bbox 417 2831 447 2865; x_wconf 85' lang='lat' dir='ltr'>as</span> <span class='ocrx_word' id='word_1_188' title='bbox 461 2815 503 2865; x_wconf 79' lang='lat' dir='ltr'>iar</span> <span class='ocrx_word' id='word_1_189' title='bbox 519 2831 548 2865; x_wconf 86' lang='lat' dir='ltr'>as</span> <span class='ocrx_word' id='word_1_190' title='bbox 566 2815 611 2866; x_wconf 80' lang='lat' dir='ltr'>the</span> <span class='ocrx_word' id='word_1_191' title='bbox 626 2816 730 2865; x_wconf 81' lang='lat' dir='ltr'>ancient</span> <span class='ocrx_word' id='word_1_192' title='bbox 749 2826 809 2882; x_wconf 77' lang='lat' dir='ltr'>type</span> <span class='ocrx_word' id='word_1_193' title='bbox 859 2818 982 2865; x_wconf 77' lang='lat' dir='ltr'>obediente</span> <span class='ocrx_word' id='word_1_194' title='bbox 993 2825 1017 2865; x_wconf 84' lang='lat' dir='ltr'>to</span> <span class='ocrx_word' id='word_1_195' title='bbox 1027 2833 1043 2864; x_wconf 86' lang='lat' dir='ltr'>n</span> <span class='ocrx_word' id='word_1_196' title='bbox 1052 2819 1188 2877; x_wconf 62' lang='lat' dir='ltr'>sorrereirrn.</span> 
     </span>
     <span class='ocr_line' id='line_1_25' title="bbox 309 2881 1356 2950; baseline 0 -18"><span class='ocrx_word' id='word_1_197' title='bbox 309 2882 456 2950; x_wconf 77' lang='lat' dir='ltr'>oioratory</span> <span class='ocrx_word' id='word_1_198' title='bbox 468 2882 592 2941; x_wconf 82' lang='lat' dir='ltr'>srltvives,</span> <span class='ocrx_word' id='word_1_199' title='bbox 604 2881 625 2932; x_wconf 90' lang='lat' dir='ltr'>it</span> <span class='ocrx_word' id='word_1_200' title='bbox 639 2897 733 2948; x_wconf 88' lang='lat' dir='ltr'>proves</span> <span class='ocrx_word' id='word_1_201' title='bbox 753 2883 809 2933; x_wconf 83' lang='lat' dir='ltr'>that</span> <span class='ocrx_word' id='word_1_202' title='bbox 892 2897 917 2946; x_wconf 82' lang='lat'>5.</span> <span class='ocrx_word' id='word_1_203' title='bbox 940 2883 1008 2947; x_wconf 87' lang='lat' dir='ltr'>quid</span> <span class='ocrx_word' id='word_1_204' title='bbox 1032 2883 1110 2933; x_wconf 84' lang='lat' dir='ltr'>enim</span> <span class='ocrx_word' id='word_1_205' title='bbox 1134 2897 1217 2947; x_wconf 86' lang='lat' dir='ltr'>opus,</span> <span class='ocrx_word' id='word_1_206' title='bbox 1236 2891 1295 2933; x_wconf 77' lang='lat' dir='ltr'>etc:</span> <span class='ocrx_word' id='word_1_207' title='bbox 1318 2885 1356 2933; x_wconf 72' lang='lat' dir='ltr'>in.</span> 
     </span>
     <span class='ocr_line' id='line_1_26' title="bbox 309 2948 1357 3016; baseline 0.001 -17"><span class='ocrx_word' id='word_1_208' title='bbox 309 2950 355 3000; x_wconf 79' lang='lat' dir='ltr'>tlte</span> <span class='ocrx_word' id='word_1_209' title='bbox 366 2958 434 3000; x_wconf 83' lang='lat' dir='ltr'>state</span> <span class='ocrx_word' id='word_1_210' title='bbox 447 2951 469 2999; x_wconf 83' lang='lat' dir='ltr'>is</span> <span class='ocrx_word' id='word_1_211' title='bbox 482 2958 529 2999; x_wconf 92' lang='lat' dir='ltr'>not</span> <span class='ocrx_word' id='word_1_212' title='bbox 542 2957 585 3016; x_wconf 80' lang='lat' dir='ltr'>yet</span> <span class='ocrx_word' id='word_1_213' title='bbox 594 2949 700 3013; x_wconf 79' lang='lat' dir='ltr'>perfect.</span> <span class='ocrx_word' id='word_1_214' title='bbox 710 2950 768 3000; x_wconf 63' lang='lat' dir='ltr'>etc!</span> <span class='ocrx_word' id='word_1_215' title='bbox 859 2951 944 2999; x_wconf 78' lang='lat' dir='ltr'>‘what</span> <span class='ocrx_word' id='word_1_216' title='bbox 962 2948 1028 2999; x_wconf 82' lang='lat' dir='ltr'>need</span> <span class='ocrx_word' id='word_1_217' title='bbox 1045 2949 1075 2998; x_wconf 86' lang='lat' dir='ltr'>oi</span> <span class='ocrx_word' id='word_1_218' title='bbox 1092 2961 1198 3016; x_wconf 70' lang='lat' dir='ltr'>oratoru</span> <span class='ocrx_word' id='word_1_219' title='bbox 1210 2948 1294 3000; x_wconf 81' lang='lat' dir='ltr'>where</span> <span class='ocrx_word' id='word_1_220' title='bbox 1313 2951 1357 3000; x_wconf 88' lang='lat' dir='ltr'>the</span> 
     </span>
    </p>

    <p class='ocr_par' dir='ltr' id='par_1_10' title="bbox 305 3015 1358 3289">
     <span class='ocr_line' id='line_1_27' title="bbox 342 3015 1357 3083; baseline -0.001 -16"><span class='ocrx_word' id='word_1_221' title='bbox 342 3031 368 3079; x_wconf 78' lang='lat'>³·</span> <span class='ocrx_word' id='word_1_222' title='bbox 385 3016 490 3067; x_wconf 76' lang='lat' dir='ltr'>melius</span> <span class='ocrx_word' id='word_1_223' title='bbox 500 3015 615 3067; x_wconf 80' lang='lat' dir='ltr'>luisset:</span> <span class='ocrx_word' id='word_1_224' title='bbox 628 3015 810 3066; x_wconf 75' lang='lat' dir='ltr'>wherenrelr&#39;nr</span> <span class='ocrx_word' id='word_1_225' title='bbox 859 3015 926 3066; x_wconf 86' lang='lat' dir='ltr'>ideal</span> <span class='ocrx_word' id='word_1_226' title='bbox 944 3026 1115 3080; x_wconf 82' lang='lat' dir='ltr'>gouemment</span> <span class='ocrx_word' id='word_1_227' title='bbox 1132 3017 1237 3083; x_wconf 79' lang='lat' dir='ltr'>already</span> <span class='ocrx_word' id='word_1_228' title='bbox 1248 3017 1357 3067; x_wconf 78' lang='lat' dir='ltr'>exisrsr&#39;</span> 
     </span>
     <span class='ocr_line' id='line_1_28' title="bbox 305 3081 1356 3150; baseline -0.001 -18"><span class='ocrx_word' id='word_1_229' title='bbox 305 3081 808 3150; x_wconf 79' lang='lat' dir='ltr'>snitwouldbethecommoneridiom.</span> <span class='ocrx_word' id='word_1_230' title='bbox 858 3084 951 3134; x_wconf 80' lang='lat' dir='ltr'>-sed</span> <span class='ocrx_word' id='word_1_231' title='bbox 963 3084 1201 3149; x_wconf 76' lang='lat' dir='ltr'>sapientissimus</span> <span class='ocrx_word' id='word_1_232' title='bbox 1216 3093 1244 3134; x_wconf 87' lang='lat' dir='ltr'>et</span> <span class='ocrx_word' id='word_1_233' title='bbox 1262 3098 1356 3136; x_wconf 83' lang='lat' dir='ltr'>unus:</span> 
     </span>
     <span class='ocr_line' id='line_1_29' title="bbox 309 3150 1358 3219; baseline -0.002 -17"><span class='ocrx_word' id='word_1_234' title='bbox 309 3151 355 3202; x_wconf 86' lang='lat' dir='ltr'>Gr.</span> <span class='ocrx_word' id='word_1_235' title='bbox 361 3165 418 3218; x_wconf 82' lang='lat'><strong>309·</strong></span> <span class='ocrx_word' id='word_1_236' title='bbox 427 3165 548 3202; x_wconf 77' lang='lat' dir='ltr'>a-non</span> <span class='ocrx_word' id='word_1_237' title='bbox 557 3151 649 3217; x_wconf 84' lang='lat' dir='ltr'>queri:</span> <span class='ocrx_word' id='word_1_238' title='bbox 661 3153 735 3201; x_wconf 65' lang='lat' dir='ltr'>into</span> <span class='ocrx_word' id='word_1_239' title='bbox 743 3150 809 3216; x_wconf 72' lang='lat' dir='ltr'>have</span> <span class='ocrx_word' id='word_1_240' title='bbox 858 3152 896 3202; x_wconf 65' lang='grc' dir='ltr'>ἐι.</span> <span class='ocrx_word' id='word_1_241' title='bbox 917 3151 962 3202; x_wconf 85' lang='lat' dir='ltr'>the</span> <span class='ocrx_word' id='word_1_242' title='bbox 984 3152 1117 3219; x_wconf 81' lang='lat' dir='ltr'>Emperor.</span> <span class='ocrx_word' id='word_1_243' title='bbox 1153 3151 1260 3203; x_wconf 83' lang='lat' dir='ltr'>Tacitus</span> <span class='ocrx_word' id='word_1_244' title='bbox 1276 3152 1358 3201; x_wconf 82' lang='lat' dir='ltr'>seizes</span> 
     </span>
     <span class='ocr_line' id='line_1_30' title="bbox 308 3218 1358 3289; baseline 0 -21"><span class='ocrx_word' id='word_1_245' title='bbox 308 3233 345 3268; x_wconf 85' lang='lat' dir='ltr'>no</span> <span class='ocrx_word' id='word_1_246' title='bbox 356 3234 434 3270; x_wconf 80' lang='lat' dir='ltr'>cause</span> <span class='ocrx_word' id='word_1_247' title='bbox 445 3218 488 3270; x_wconf 79' lang='lat' dir='ltr'>for</span> <span class='ocrx_word' id='word_1_248' title='bbox 501 3218 652 3284; x_wconf 83' lang='lat' dir='ltr'>complaint.</span> <span class='ocrx_word' id='word_1_249' title='bbox 859 3220 903 3270; x_wconf 82' lang='lat' dir='ltr'>the</span> <span class='ocrx_word' id='word_1_250' title='bbox 921 3221 1090 3289; x_wconf 83' lang='lat' dir='ltr'>opportunity</span> <span class='ocrx_word' id='word_1_251' title='bbox 1103 3219 1132 3270; x_wconf 83' lang='lat' dir='ltr'>ol</span> <span class='ocrx_word' id='word_1_252' title='bbox 1144 3218 1358 3285; x_wconf 79' lang='lat' dir='ltr'>complimenting</span> 
     </span>
    </p>

    <p class='ocr_par' dir='ltr' id='par_1_11' title="bbox 307 3285 1360 3827">
     <span class='ocr_line' id='line_1_31' title="bbox 341 3285 1329 3352; baseline -0.002 -14"><span class='ocrx_word' id='word_1_253' title='bbox 341 3301 367 3350; x_wconf 79' lang='lat'>⁴·</span> <span class='ocrx_word' id='word_1_254' title='bbox 391 3287 545 3338; x_wconf 85' lang='lat' dir='ltr'>minimum</span> <span class='ocrx_word' id='word_1_255' title='bbox 558 3301 631 3338; x_wconf 73' lang='lat' dir='ltr'>usu·</span> <span class='ocrx_word' id='word_1_256' title='bbox 645 3285 810 3339; x_wconf 83' lang='lat' dir='ltr'>minimum·</span> <span class='ocrx_word' id='word_1_257' title='bbox 860 3288 904 3338; x_wconf 84' lang='lat' dir='ltr'>the</span> <span class='ocrx_word' id='word_1_258' title='bbox 915 3288 1123 3340; x_wconf 79' lang='lat' dir='ltr'>administration</span> <span class='ocrx_word' id='word_1_259' title='bbox 1136 3289 1165 3340; x_wconf 82' lang='lat' dir='ltr'>ol</span> <span class='ocrx_word' id='word_1_260' title='bbox 1178 3287 1329 3352; x_wconf 85' lang='lat' dir='ltr'>Vespasian.</span> 
     </span>
     <span class='ocr_line' id='line_1_32' title="bbox 309 3353 1358 3420; baseline -0.002 -15"><span class='ocrx_word' id='word_1_261' title='bbox 309 3354 536 3420; x_wconf 71' lang='lat' dir='ltr'>quoproiectus,</span> <span class='ocrx_word' id='word_1_262' title='bbox 550 3355 592 3405; x_wconf 76' lang='lat' dir='ltr'>the</span> <span class='ocrx_word' id='word_1_263' title='bbox 607 3354 808 3405; x_wconf 77' lang='lat' dir='ltr'>lensenecdand</span> <span class='ocrx_word' id='word_1_264' title='bbox 892 3359 917 3406; x_wconf 82' lang='grc'>6.</span> <span class='ocrx_word' id='word_1_265' title='bbox 946 3357 1116 3409; x_wconf 78' lang='lat' dir='ltr'>voluntariis</span> <span class='ocrx_word' id='word_1_266' title='bbox 1166 3353 1358 3406; x_wconf 79' lang='lat' dir='ltr'>accusationi-</span> 
     </span>
     <span class='ocr_line' id='line_1_33' title="bbox 308 3422 1359 3488; baseline 0 -17"><span class='ocrx_word' id='word_1_267' title='bbox 308 3424 483 3488; x_wconf 78' lang='lat' dir='ltr'>conrequently</span> <span class='ocrx_word' id='word_1_268' title='bbox 504 3423 546 3472; x_wconf 75' lang='lat' dir='ltr'>the</span> <span class='ocrx_word' id='word_1_269' title='bbox 568 3424 632 3473; x_wconf 77' lang='lat' dir='ltr'>least</span> <span class='ocrx_word' id='word_1_270' title='bbox 649 3423 810 3488; x_wconf 70' lang='lat' dir='ltr'>adwntugef</span> <span class='ocrx_word' id='word_1_271' title='bbox 860 3425 933 3475; x_wconf 77' lang='lat' dir='ltr'>bus:</span> <span class='ocrx_word' id='word_1_272' title='bbox 950 3426 987 3475; x_wconf 68' lang='grc' dir='ltr'>αἰ.</span> <span class='ocrx_word' id='word_1_273' title='bbox 995 3424 1059 3476; x_wconf 84' lang='lat' dir='ltr'>such</span> <span class='ocrx_word' id='word_1_274' title='bbox 1073 3440 1102 3475; x_wconf 84' lang='lat' dir='ltr'>as</span> <span class='ocrx_word' id='word_1_275' title='bbox 1115 3423 1190 3474; x_wconf 85' lang='lat' dir='ltr'>those</span> <span class='ocrx_word' id='word_1_276' title='bbox 1203 3422 1359 3488; x_wconf 79' lang='lat' dir='ltr'>voluntarily</span> 
     </span>
     <span class='ocr_line' id='line_1_34' title="bbox 307 3489 1359 3568; baseline -0.001 -28"><span class='ocrx_word' id='word_1_277' title='bbox 307 3489 582 3568; x_wconf 66' lang='lat' dir='ltr'>qusisepexegetic.</span> <span class='ocrx_word' id='word_1_278' title='bbox 617 3489 810 3554; x_wconf 80' lang='lat' dir='ltr'>Tbiausageis</span> <span class='ocrx_word' id='word_1_279' title='bbox 860 3490 973 3556; x_wconf 86' lang='lat' dir='ltr'>brought</span> <span class='ocrx_word' id='word_1_280' title='bbox 1000 3491 1034 3559; x_wconf 80' lang='lat' dir='ltr'>by</span> <span class='ocrx_word' id='word_1_281' title='bbox 1058 3492 1156 3542; x_wconf 86' lang='lat' dir='ltr'>Caesar</span> <span class='ocrx_word' id='word_1_282' title='bbox 1184 3489 1236 3541; x_wconf 86' lang='lat' dir='ltr'>and</span> <span class='ocrx_word' id='word_1_283' title='bbox 1266 3490 1359 3540; x_wconf 86' lang='lat' dir='ltr'>Cicero</span> 
     </span>
     <span class='ocr_line' id='line_1_35' title="bbox 308 3555 1358 3624; baseline 0.001 -18"><span class='ocrx_word' id='word_1_284' title='bbox 308 3555 586 3624; x_wconf 79' lang='lat' dir='ltr'>compararrvelyrare;</span> <span class='ocrx_word' id='word_1_285' title='bbox 595 3555 691 3608; x_wconf 58' lang='grc' dir='ltr'>εἰσιν.</span> <span class='ocrx_word' id='word_1_286' title='bbox 699 3571 731 3623; x_wconf 84' lang='lat'>²9</span> <span class='ocrx_word' id='word_1_287' title='bbox 739 3559 810 3608; x_wconf 80' lang='lat' dir='ltr'>ultra</span> <span class='ocrx_word' id='word_1_288' title='bbox 859 3559 960 3624; x_wconf 82' lang='lat' dir='ltr'>against</span> <span class='ocrx_word' id='word_1_289' title='bbox 979 3558 1118 3610; x_wconf 86' lang='lat' dir='ltr'>Dolabella</span> <span class='ocrx_word' id='word_1_290' title='bbox 1136 3557 1189 3609; x_wconf 85' lang='lat' dir='ltr'>and</span> <span class='ocrx_word' id='word_1_291' title='bbox 1210 3557 1312 3617; x_wconf 83' lang='lat' dir='ltr'>Verres,</span> <span class='ocrx_word' id='word_1_292' title='bbox 1332 3558 1358 3607; x_wconf 89' lang='lat' dir='ltr'>in</span> 
     </span>
     <span class='ocr_line' id='line_1_36' title="bbox 308 3623 1358 3695; baseline 0.001 -21"><span class='ocrx_word' id='word_1_293' title='bbox 308 3623 430 3674; x_wconf 70' lang='lat' dir='ltr'>Rhenum</span> <span class='ocrx_word' id='word_1_294' title='bbox 442 3623 563 3691; x_wconf 78' lang='lat' dir='ltr'>ultraque</span> <span class='ocrx_word' id='word_1_295' title='bbox 569 3631 661 3682; x_wconf 63' lang='lat' dir='ltr'>uererer</span> <span class='ocrx_word' id='word_1_296' title='bbox 668 3628 809 3687; x_wconf 74' lang='lat' dir='ltr'>terminos:</span> <span class='ocrx_word' id='word_1_297' title='bbox 859 3626 904 3678; x_wconf 81' lang='lat' dir='ltr'>the</span> <span class='ocrx_word' id='word_1_298' title='bbox 912 3627 963 3677; x_wconf 83' lang='lat' dir='ltr'>last</span> <span class='ocrx_word' id='word_1_299' title='bbox 972 3626 1037 3695; x_wconf 78' lang='lat' dir='ltr'>days</span> <span class='ocrx_word' id='word_1_300' title='bbox 1049 3627 1079 3678; x_wconf 79' lang='lat' dir='ltr'>oi</span> <span class='ocrx_word' id='word_1_301' title='bbox 1091 3627 1135 3678; x_wconf 88' lang='lat' dir='ltr'>the</span> <span class='ocrx_word' id='word_1_302' title='bbox 1149 3626 1283 3692; x_wconf 83' lang='lat' dir='ltr'>Republic.</span> <span class='ocrx_word' id='word_1_303' title='bbox 1308 3627 1358 3675; x_wconf 83' lang='lat' dir='ltr'>Seu</span> 
     </span>
     <span class='ocr_line' id='line_1_37' title="bbox 308 3689 1360 3760; baseline 0 -18"><span class='ocrx_word' id='word_1_304' title='bbox 308 3689 462 3760; x_wconf 60' lang='lat' dir='ltr'>nunno,</span> <span class='ocrx_word' id='word_1_305' title='bbox 477 3706 487 3742; x_wconf 92' lang='lat' dir='ltr'>r</span> <span class='ocrx_word' id='word_1_306' title='bbox 501 3691 634 3757; x_wconf 67' lang='lat' dir='ltr'>udansque</span> <span class='ocrx_word' id='word_1_307' title='bbox 647 3699 759 3758; x_wconf 80' lang='lat' dir='ltr'>tenpore</span> <span class='ocrx_word' id='word_1_308' title='bbox 772 3709 810 3743; x_wconf 81' lang='lat' dir='ltr'>ne·</span> <span class='ocrx_word' id='word_1_309' title='bbox 859 3693 899 3759; x_wconf 78' lang='lat'>³⁶·</span> <span class='ocrx_word' id='word_1_310' title='bbox 929 3695 1229 3760; x_wconf 75' lang='lat' dir='ltr'>3.-cognoseentia=</span> <span class='ocrx_word' id='word_1_311' title='bbox 1257 3695 1295 3744; x_wconf 62' lang='lat' dir='ltr'>rte.</span> <span class='ocrx_word' id='word_1_312' title='bbox 1321 3693 1360 3742; x_wconf 79' lang='lat' dir='ltr'>in·</span> 
     </span>
     <span class='ocr_line' id='line_1_38' title="bbox 309 3757 1307 3827; baseline 0.001 -18"><span class='ocrx_word' id='word_1_313' title='bbox 309 3765 501 3810; x_wconf 72' lang='lat' dir='ltr'>urunt-et</span> <span class='ocrx_word' id='word_1_314' title='bbox 519 3757 550 3810; x_wconf 82' lang='lat' dir='ltr'>in</span> <span class='ocrx_word' id='word_1_315' title='bbox 572 3760 746 3826; x_wconf 72' lang='lat' dir='ltr'>obsequium</span> <span class='ocrx_word' id='word_1_316' title='bbox 767 3774 809 3811; x_wconf 81' lang='lat' dir='ltr'>re·</span> <span class='ocrx_word' id='word_1_317' title='bbox 858 3760 941 3820; x_wconf 48' lang='lat' dir='ltr'>ditia</span> <span class='ocrx_word' id='word_1_318' title='bbox 964 3760 1115 3824; x_wconf 82' lang='lat' dir='ltr'>cl.19.6n.</span> <span class='ocrx_word' id='word_1_319' title='bbox 1152 3761 1215 3812; x_wconf 83' lang='lat' dir='ltr'>lntr.</span> <span class='ocrx_word' id='word_1_320' title='bbox 1227 3776 1253 3827; x_wconf 84' lang='lat' dir='ltr'>p.</span> <span class='ocrx_word' id='word_1_321' title='bbox 1265 3777 1307 3812; x_wconf 82' lang='lat' dir='ltr'>xx.</span> 
     </span>
    </p>
   </div>
   <div class='ocr_carea' id='block_1_5' title="bbox 0 0 1462 4136">
    <p class='ocr_par' dir='ltr' id='par_1_12' title="bbox 0 0 1462 4136">
     <span class='ocr_line' id='line_1_39' title="bbox 0 0 1462 4136; baseline 0 0"><span class='ocrx_word' id='word_1_322' title='bbox 0 0 1462 4136; x_wconf 95' lang='lat' dir='ltr'> </span> 
     </span>
    </p>
   </div>
  </div>
 </body>
</html>
