2952 4138
236 194 270 247 ⁵⁰
587 195 613 244 P.
634 192 814 243 CORNELII
839 193 967 242 Tnclrr
1226 189 1271 250 [ὤ.
1289 205 1330 236 ιο-

140 429 148 439 ,
239 383 266 421 ιι
286 363 483 436 offenderet,
501 360 529 424 si
551 380 674 444 paucos
692 359 923 442 excerpsisset.
975 359 1111 442 Quotus
1133 358 1221 422 enim
1242 359 1328 443 quis-

285 491 350 557 que
374 467 649 536 scholasticorum
679 488 745 532 non
779 467 840 532 hae
865 465 925 532 sua
952 465 1168 550 persuasione
1196 465 1327 543 fruitur,

286 589 323 644 ut
340 598 377 644 se
392 588 471 643 ante
488 577 683 642 Ciceronem
701 587 865 651 numeret,
884 575 947 640 etsi
965 575 1063 658 plane
1080 587 1154 658 post
1174 575 1328 640 Gabinia-

286 687 390 752 num?
449 685 498 750 At
527 705 590 769 ego
619 705 685 748 non
712 685 851 748 verebor
877 683 1048 749 nominare
1074 685 1234 768 singulos,
1261 706 1327 768 quo

285 794 416 860 facilius
442 793 622 877 propositis
650 792 811 876 exemplis
839 803 995 876 appareat
1021 792 1143 876 quibus
1171 793 1328 874 gradibus

200 973 205 980 ,
285 902 390 967 iracta
407 901 450 965 sit
467 911 501 964 et
517 899 690 964 deminuta
706 899 917 984 eloquentia.'
980 960 991 972 ,

235 1006 276 1072 27
334 1007 397 1072 ‘At
422 1005 539 1091 paree'
565 1007 672 1092 inquit
699 1009 875 1071 Maternus
901 1019 953 1071 ‘et
972 1008 1083 1090 potius
1105 1007 1238 1072 exsolve
1257 1029 1329 1091 pro·

286 1115 435 1182 missurn.
485 1115 605 1200 Neque
633 1108 721 1180 enim
747 1116 810 1180 hoe
835 1115 946 1198 colligi
971 1116 1209 1191 desideramus,
1228 1115 1329 1180 diser·

285 1221 389 1289 tiores
404 1243 480 1289 esse
496 1223 662 1309 antiquos,
680 1224 768 1308 quod
785 1224 872 1314 apud
890 1244 943 1287 rne
959 1223 1093 1308 quidem
1117 1223 1149 1287 in
1172 1224 1328 1289 confesso

285 1344 347 1410 est,
374 1333 433 1398 sed
459 1354 577 1399 causas
605 1332 819 1418 exquirimus,
846 1353 929 1417 quas
956 1342 991 1397 te
1019 1332 1154 1397 solitum
1183 1343 1328 1399 tractare

219 1462 221 1466 ’
285 1442 408 1520 dixisti,
427 1442 525 1527 paulo
550 1453 629 1508 ante
654 1442 751 1526 plane
775 1442 886 1507 mitior
910 1454 943 1507 et
969 1442 1179 1525 eloquentiae
1203 1454 1328 1527 tempo·

285 1573 358 1618 rum
376 1564 565 1618 nostrorum
583 1553 694 1617 minus
711 1553 824 1628 iratus,
843 1563 1022 1638 antequam
1048 1563 1082 1616 te
1106 1552 1200 1636 Aper
1225 1553 1329 1617 offen·

284 1663 379 1727 deret
396 1661 537 1727 maiores
554 1673 630 1727 tuos
647 1661 863 1727 lacessendo’

236 1791 251 1829 a
332 1771 433 1836 ‘Non
450 1768 544 1835 sum'
569 1770 675 1855 inquit
700 1771 869 1835 ‘offensus
892 1771 977 1853 Apri
1000 1772 1065 1836 mei
1090 1772 1326 1854 disputatione,

285 1901 348 1946 nec
375 1901 434 1946 vos
462 1880 589 1945 offendi
617 1881 760 1955 decebit,
791 1879 819 1944 si
847 1880 926 1964 quid
955 1881 1042 1944 forte
1074 1902 1171 1945 aures
1199 1891 1328 1945 vestras
1360 1894 1364 1900 '

285 1989 499 2074 perstringat,
518 2010 594 2054 cum
612 1989 726 2054 sciatis
743 1990 828 2054 hanc
846 2009 921 2076 esse
938 1989 1010 2052 eius
1027 1989 1115 2053 modi
1136 2010 1327 2054 sermonum

284 2098 404 2182 legem,
421 2098 577 2163 iudicium
595 2099 697 2162 animi
714 2099 798 2163 citra
813 2099 971 2162 damnum
989 2099 1142 2162 adiectus
1156 2097 1326 2182 prolerre)

234 2228 252 2283 3
333 2205 476 2291 ‘Perge’
502 2207 610 2291 inquit
632 2209 808 2272 Maternus
835 2218 886 2270 ‘et
904 2229 979 2272 cum
996 2208 1038 2271 de
1055 2208 1201 2292 antiquis
1218 2209 1329 2292 loqua-

285 2317 341 2392 ris,
359 2326 454 2381 utere
470 2316 607 2401 antiqua
624 2316 789 2391 libertate,
806 2338 826 2381 a
842 2339 907 2401 qua
924 2316 976 2380 vel
993 2317 1100 2400 magis
1116 2317 1329 2399 degeneravi-

288 2447 362 2491 mus
378 2447 477 2510 quam
493 2426 536 2490 ab
552 2423 764 2510 eloquentia!
1170 2418 1173 2424 ’

284 2567 330 2618 the
341 2567 517 2618 construction
530 2583 560 2616 as
571 2567 596 2616 in
613 2567 649 2616 18.
658 2583 687 2628 q;
706 2582 744 2633 ²3·
758 2583 779 2616 ε.
855 2566 908 2627 27.
934 2581 1034 2633 parce:
1052 2583 1086 2616 sc.
1097 2569 1231 2616 nominare
1244 2569 1328 2632 singu-

283 2635 348 2684 -si
370 2647 481 2700 pancos
503 2635 714 2700 excerpsisset:
741 2640 779 2684 ir.
831 2635 1033 2700 los-colligi,
1057 2642 1082 2684 to
1104 2636 1130 2684 be
1151 2637 1326 2685 skerein—in

284 2701 356 2752 tine
373 2701 469 2752 should
488 2700 571 2766 single
591 2701 780 2751 outaiewto
831 2702 968 2752 confesso
997 2712 1064 2752 est:
1093 2718 1122 2751 as
1146 2702 1171 2751 in
1197 2715 1234 2768 25.
1265 2716 1328 2752 a.-

284 2769 376 2835 praise.
832 2779 860 2820 te
874 2769 990 2820 solitum
1008 2777 1130 2820 tractare
1147 2770 1262 2821 dixisti:
1281 2771 1326 2818 uir„

319 2849 359 2888 n.
382 2835 643 2888 scholasticorum:
669 2836 730 2887 here
752 2837 781 2886 oi
831 2837 857 2887 in
878 2851 914 2904 ¹5·
933 2837 1161 2899 qi-maiores
1186 2847 1252 2888 tuos
1285 2838 1327 2901 (sc.

285 2903 330 2955 the
348 2904 465 2955 toachers
483 2904 513 2953 oi
529 2903 693 2962 dictoriam
711 2921 782 2970 regu·
831 2907 961 2969 orarorcsp
974 2905 1033 2954 ‘the
1042 2914 1144 2955 orators
1152 2905 1181 2954 oi
1189 2905 1233 2954 oid
1242 2906 1326 2955 whom

284 2971 356 3038 larly.
386 2970 592 3022 Foradiiierent
603 2987 649 3022 use
657 2986 720 3023 seer
727 2986 748 3040 5.
759 2985 779 3040 5.
831 2989 883 3038 you
906 2972 1026 3033 admire’;
1049 2972 1082 3023 ci.
1104 2987 1142 3040 25·
1165 2987 1178 3022 2
1199 2976 1252 3024 sive
1271 2975 1328 3023 illos

284 3041 523 3105 -penuuione,
536 3041 628 3098 non'on,
644 3040 781 3105 explained
830 3041 948 3105 orrir'qrros
959 3043 1011 3090 rive
1026 3044 1134 3090 rrrrriorcs
1147 3043 1199 3090 siue
1214 3059 1264 3106 quo
1277 3044 1329 3092 alio

284 3105 319 3173 by
335 3116 367 3159 ut
390 3116 532 3159 numeret.
573 3105 638 3157 This
656 3123 733 3158 sense
753 3106 782 3157 oi
832 3110 933 3157 mavult
948 3109 1050 3158 nominc
1065 3111 1180 3173 appellet.
1216 3111 1258 3159 On
1277 3109 1328 3160 this

285 3173 330 3224 tlte
358 3173 430 3225 nord
464 3175 485 3226 is
520 3176 782 3241 post-Augustam—
833 3175 917 3226 useoi
928 3175 1027 3226 trunci.
1040 3190 1102 3242 143
1112 3177 1329 3241 procurrentibus

285 3241 342 3293 etsi
370 3244 455 3308 pinne
521 3253 548 3294 st
576 3245 781 3295 Gabinianum:
831 3245 893 3293 suis.

285 3311 436 3373 SenJulius
444 3311 485 3362 Ga
504 3311 782 3362 inianuswasanative
865 3325 890 3361 2.
907 3313 1090 3378 perstringat,
1094 3313 1328 3376 grattera—citra

284 3378 315 3429 oi
331 3379 408 3437 Gaul,
426 3377 479 3429 and
496 3377 600 3430 famous
617 3395 647 3429 as
663 3394 680 3429 a
696 3379 781 3430 theto
831 3380 969 3431 damnum
993 3380 1134 3439 adiectus.
1152 3381 1260 3429 without
1278 3382 1328 3428 loss

285 3445 363 3498 rician
385 3446 413 3498 in
431 3447 475 3498 tlre
493 3446 564 3514 reign
582 3446 612 3498 oi
628 3447 780 3513 Vespasian·
831 3447 863 3514 os
875 3448 942 3511 good
955 3449 1072 3514 srcling,·
1098 3449 1210 3514 adsccius
1230 3448 1256 3498 in
1277 3447 1328 3498 this

284 3513 343 3565 Tlte
370 3529 493 3566 common
527 3515 646 3568 estimare
677 3514 707 3566 oi
740 3515 781 3564 liis
831 3531 906 3565 sense
924 3516 946 3565 is
964 3519 1181 3580 post-Augustam
1224 3516 1266 3565 On
1285 3516 1329 3566 the

285 3581 374 3632 merita
390 3582 417 3633 ln
434 3582 488 3634 this
504 3597 553 3648 age
567 3597 653 3634 seems
670 3592 699 3633 to
714 3583 782 3633 have
831 3584 1040 3647 post-Augustan
1050 3599 1096 3633 use
1103 3582 1132 3632 oi
1142 3583 1207 3633 citra
1216 3581 1258 3632 ior
1267 3585 1328 3639 sine,

285 3645 351 3698 been
362 3662 393 3698 as
409 3649 486 3699 rnueli
505 3659 552 3700 too
563 3649 625 3714 high
636 3663 667 3699 as
684 3650 741 3700 that
752 3648 782 3698 oi
831 3647 1226 3712 ci.41.8cirraobrrecrarionem,·
1239 3651 1325 3712 Agar

286 3713 571 3766 eiceromrootow.
831 3716 991 3780 ‹irrastdem
