2952 4138
150 173 201 220 se
220 173 256 234 ιο]

440 173 628 223 1)1Α1.Ο(Ν5
653 174 702 222 llli
727 173 972 222 oun'lrutllu's.

152 342 305 409 Cassium
329 341 502 418 Severum,
520 362 619 427 quem
643 341 749 405 solum
773 341 869 424 Aper
891 352 1005 405 noster
1028 326 1202 406 nominare

150 473 252 517 ausus
276 463 338 527 cst,
358 451 386 516 si
413 451 453 516 iis
478 462 689 536 comparetur
711 449 768 534 qui
794 461 912 532 postea
935 450 1082 527 inerunt,
1102 472 1202 534 posse

151 571 317 626 oratorem
344 561 465 636 vocari,
492 580 692 644 quamquam
718 559 750 622 in
778 579 899 636 magna
924 570 1018 643 parte
1041 559 1200 623 librorum

152 691 287 736 suorum
305 670 379 754 plus
399 670 475 734 bilis
493 669 615 733 habeat
632 688 730 752 quam
749 667 941 746 sanguinis;
968 666 1094 751 primus
1112 668 1199 734 enim
1238 689 1253 741 7

152 791 348 863 contempto
376 778 493 842 ordine
524 797 644 852 rerum,
671 775 795 840 omissa
824 777 988 840 modestia
1013 799 1051 842 ac
1077 779 1202 860 pudore

153 891 339 962 verborum,
359 887 440 970 ipsis
459 885 560 950 etiam
579 885 701 968 quibus
719 886 824 948 utitur
841 885 943 949 armis
962 885 1202 969 incompositus

153 1009 185 1061 et
204 997 316 1062 studio
338 994 479 1059 feriendi
504 995 700 1078 plerumque
723 995 883 1070 deiectus,
903 1015 970 1058 non
994 1005 1120 1078 pugnat
1143 995 1202 1059 sed

154 1108 288 1170 rixatur.
339 1105 509 1178 Ceterum,
530 1116 566 1169 ut
589 1104 666 1179 disi,
692 1105 911 1188 sequentibus
934 1115 1145 1186 comparatus
1168 1115 1200 1169 et
1238 1121 1256 1170 8

153 1213 314 1278 varietate
342 1212 540 1277 eruditionis
567 1224 600 1277 et
630 1213 743 1296 lepore
773 1211 973 1276 urbanitatis
998 1224 1032 1277 ot
1058 1213 1202 1295 ipsarum

153 1323 271 1386 virium
298 1322 418 1386 robore
444 1321 585 1386 multum
613 1332 744 1386 ceteros
769 1332 915 1404 superat,
938 1342 1077 1405 quornm
1103 1320 1204 1386 nemi·

155 1453 230 1496 nem
248 1431 343 1515 Aper
362 1431 534 1496 nominare
552 1443 584 1496 ct
603 1431 695 1496 velut
710 1431 741 1495 in
755 1431 860 1495 aciem
876 1431 1018 1496 educere
1032 1432 1202 1498 sustinuit.

156 1543 229 1626 Ego
251 1553 364 1607 atrtcm
391 1543 625 1625 exspectabam
651 1553 686 1606 ut
710 1541 863 1606 incusato
887 1540 1008 1605 Asinio
1031 1553 1064 1604 et
1091 1543 1204 1606 Caelio
1239 1565 1258 1614 9

154 1664 187 1717 et
214 1653 317 1718 Caluo
342 1652 431 1717 aliud
458 1651 554 1716 nobis
579 1673 699 1734 agmen
727 1653 924 1735 produceret
950 1651 1127 1736 pluresque
1151 1654 1203 1716 rel

154 1774 246 1826 certe
280 1763 419 1827 totidem
454 1762 652 1836 nominaret,
683 1782 722 1825 ex
751 1762 873 1845 <prinus
905 1759 1004 1824 alium
1039 1761 1202 1837 Ciceroni,

154 1871 255 1935 alium
283 1871 429 1945 Caesari,
450 1871 594 1953 singulis
618 1871 739 1934 deinde
765 1871 915 1950 singulos
940 1892 1204 1954 opponeremus;

155 2001 244 2045 nunc
278 1981 485 2045 detrectasse
523 1979 720 2044 nominatim
755 1979 912 2062 antiquos
948 1992 1097 2043 oratores
1129 2002 1203 2045 con·
1226 2003 1257 2040 ro

156 2100 271 2153 tentus
291 2090 459 2154 neminem
484 2090 696 2173 sequentinm
721 2089 853 2153 laudnre
879 2111 980 2152 ausus
1006 2101 1057 2152 est
1083 2090 1145 2153 nisi
1171 2090 1202 2154 in

157 2198 325 2281 publicum
357 2210 389 2262 ct
420 2199 452 2263 in
483 2219 670 2272 commune.
701 2199 834 2262 veritus.
868 2199 977 2272 credo,
1008 2221 1050 2262 ne
1083 2200 1203 2263 multos

153 2358 209 2408 that
229 2357 273 2408 the
294 2368 373 2409 terms
389 2357 418 2407 oi
437 2359 480 2408 tlie
493 2374 543 2407 one
556 2367 595 2407 art
614 2374 657 2408 are

153 2424 257 2489 applied
271 2435 299 2474 to
314 2427 358 2474 the
372 2426 456 2474 other.

185 2495 209 2540 6.
230 2492 367 2542 Cassium
388 2493 543 2541 Severum:
561 2507 605 2540 see
621 2505 656 2552 rr).

156 2560 313 2621 rn-plus
340 2559 405 2608 bilis
429 2572 516 2622 quarn
539 2559 656 2621 sangui-

152 2624 215 2672 nis:
237 2624 406 2685 Quintilian's
427 2625 655 2673 clraracterization

151 2691 172 2736 is
181 2693 267 2756 nearly
276 2690 397 2740 identical
410 2693 452 2753 (X.
463 2705 482 2739 r.
495 2693 559 2751 117),
569 2699 656 2739 storin·

150 2757 196 2804 cleo
203 2759 264 2819 plns
277 2775 354 2821 prtum
372 2759 477 2807 consilii>
490 2759 565 2807 dedet.

184 2838 208 2886 7.
221 2827 331 2874 omissa
342 2826 498 2883 modestia.
509 2834 570 2874 eto:
585 2824 659 2874 reler-

151 2890 207 2950 ring
219 2897 248 2940 to
258 2893 302 2941 the
316 2893 451 2958 nnseemly
466 2892 530 2956 jests
540 2893 565 2940 in
576 2892 657 2940 which

152 2958 263 3006 Severus
280 2959 302 3006 is
315 2960 371 3008 said
394 2970 421 3008 to
440 2959 508 3009 have
526 2959 656 3021 indulged.

150 3025 268 3073 -armis
280 3025 506 3091 incompositus,
518 3027 660 3091 mesi-r'llfnl

151 3091 212 3139 an'rlr
225 3093 266 3140 the
279 3102 403 3156 aucupans.
439 3095 510 3143 Note
524 3094 567 3144 the
580 3094 658 3146 abun·

150 3156 232 3207 dance
245 3159 273 3208 ol
292 3159 387 3222 ligures
404 3160 491 3211 drawn
510 3161 578 3211 from
595 3161 658 3211 mili·

151 3226 303 3289 taryafiairs
317 3228 342 3277 in
359 3228 403 3278 tire
415 3238 519 3293 present
533 3245 657 3294 passage:

151 3294 249 3352 armis,
274 3304 395 3360 pugnat,
418 3296 447 3346 in
473 3297 565 3347 aciem
590 3298 658 3347 edu·

151 3371 226 3420 cere,
250 3377 367 3426 agmen,
392 3377 658 3428 opponeremus.-

152 3426 332 3493 plerumque.
354 3431 428 3496 ostem
451 3431 523 3480 asin
545 3444 581 3497 ¹5·
594 3448 658 3492 4-

151 3495 301 3547 deieetusr
320 3497 363 3547 ior
380 3497 425 3547 the
441 3497 518 3546 fuller
532 3499 562 3547 de
571 3499 657 3560 gredo

153 3561 267 3618 deiectus.
302 3577 319 3612 a
353 3564 490 3628 metaphor
523 3562 658 3614 borrowed

155 3625 224 3679 irom
244 3628 288 3680 the
309 3629 470 3692 gladiatorial
492 3639 659 3680 contestu-

190 3698 215 3746 8.
239 3694 344 3746 virium
363 3698 483 3748 robore:
511 3697 562 3747 this
581 3697 658 3747 collo·

708 2359 793 2408 cation
825 2359 845 2404 is
872 2359 989 2422 frequent
1017 2358 1042 2406 in
1069 2359 1138 2424 liry.
1161 2375 1203 2418 ep.

710 2426 799 2473 xxu.
817 2439 850 2482 ro.
864 2438 1048 2489 5.—-qu0rum
1059 2427 1203 2474 nerninem

709 2493 857 2540 nominare
883 2493 1035 2540 sustinuit:
1064 2492 1135 2553 Aper
1154 2491 1205 2539 had

708 2557 857 2606 mentium-d
881 2557 942 2621 only
963 2556 1070 2604 Cassius
1094 2559 1205 2606 Severus

707 2639 736 2672 as
761 2624 961 2686 representative
979 2621 1008 2672 of
1033 2623 1076 2672 tlte
1100 2623 1204 2674 modern

708 2690 798 2738 school
818 2690 846 2736 uf
864 2699 975 2754 oratory.
1013 2691 1136 2740 Messalla
1147 2706 1205 2740 con·

711 2755 785 2806 tends
808 2757 863 2804 that
885 2756 917 2805 lie
938 2756 1033 2806 should
1056 2758 1120 2807 hare
1139 2757 1205 2807 cited

710 2834 755 2872 not
768 2825 865 2888 merely
877 2841 927 2873 one
940 2824 1003 2872 such
1023 2824 1146 2882 instance,
1159 2825 1204 2874 but

710 2891 1206 2958 manylagmenl,-mentoowhowere

709 2959 753 3008 the
764 2975 839 3023 pects
853 2969 898 3006 not
911 2958 973 3023 only
985 2957 1014 3007 oi
1027 2958 1140 3010 Asinius.
1150 2957 1207 3007 Cal·

709 3041 764 3082 vus,
773 3028 823 3074 and
833 3027 939 3074 (ladius
949 3025 1044 3085 (whom
1053 3025 1085 3074 he
1098 3025 1148 3073 had
1159 3023 1207 3072 dis·

709 3095 840 3158 paraged).
851 3094 895 3142 bnt
904 3092 933 3140 ol
943 3091 1096 3142 Caesarand
1107 3092 1206 3142 Cicero.

708 3162 900 3212 —nominare
926 3169 954 3210 et
978 3161 1101 3210 educere
1121 3157 1207 3209 eneti·

709 3229 790 3279 nuit:
812 3229 836 3276 in
855 3243 932 3292 prose
952 3229 1061 3276 sustineo
1079 3227 1138 3276 witlr
1163 3225 1207 3276 tlre

709 3297 929 3362 complemenrary
941 3294 986 3344 ini.
1000 3295 1021 3344 'ur
1037 3296 1208 3360 post-Augus·

710 3372 760 3413 tan.
800 3365 820 3410 lt
835 3379 926 3412 occurs
938 3363 994 3412 also
1007 3363 1075 3412 llr'st.
1090 3363 1110 3410 l.
1123 3375 1162 3426 37.

741 3444 766 3492 9·
791 3431 996 3494 exspectabam
1018 3438 1049 3480 ut
1067 3431 1207 3494 produce·

709 3506 761 3555 ret,
778 3513 828 3545 run
846 3497 1011 3560 rmrr'rr'rrysor
1026 3497 1079 3546 him
1094 3503 1119 3544 tn
1133 3497 1210 3556 bring

707 3565 848 3629 sorano-f:
866 3573 897 3614 ut
910 3566 935 3612 in
947 3563 1020 3628 place
1036 3562 1065 3611 oi
1081 3563 1125 3612 the
1140 3577 1208 3612 com·

709 3645 880 3680 monerurrm.

744 3711 783 3746 ιο.
819 3699 998 3747 detrectasse
1034 3704 1207 3748 contentus:
