2910 4136
263 241 299 294 60
621 241 648 290 Ρ.
667 237 848 290 CORNELII
872 237 1001 288 ‘factrt
1271 234 1360 296 [rt-to-

264 431 280 481 7
315 430 356 474 ex
378 406 616 474 sordidissimis
636 406 787 472 artificiis
808 405 966 472 discatur.
1016 405 1090 488 Ego
1112 405 1197 470 hanc
1219 403 1357 487 primam

314 528 348 582 et
373 515 584 601 praecipuam
608 535 741 580 causam
768 515 911 579 arbitror
935 536 993 580 cur
1018 513 1051 578 in
1076 523 1207 578 tantum
1232 514 1274 576 ab
1296 513 1361 576 clo·

264 631 281 683 8
315 623 453 708 quentia
471 623 685 708 antiquorum
704 633 873 685 oratorum
897 621 1143 686 recesserimus.
1195 620 1231 686 Si
1254 631 1360 684 testes

315 731 556 808 desiderantur,
597 751 682 815 quos
722 729 871 813 potiores
915 729 1096 794 nominabo
1134 750 1232 814 quam
1273 730 1360 812 apud

316 842 462 906 Graecos
487 839 764 912 Demosthenem,
782 860 881 923 quem
904 838 1187 903 studiosissimum
1214 837 1361 902 Platonis

265 971 284 1022 9
317 947 503 1015 auditorem
528 948 634 1013 luisse
662 947 841 1012 memoriae
864 947 1031 1030 proditum
1061 945 1137 1010 est?
1172 947 1216 1010 Et
1242 947 1361 1012 Cicero

315 1057 378 1134 his,
412 1068 448 1122 ut
477 1056 605 1140 opinor,
630 1055 741 1120 uerbis
776 1054 889 1130 refert,
918 1055 1078 1138 quidquid
1109 1055 1141 1119 in
1170 1054 1363 1138 eloquentia

232 1229 236 1236 .
316 1166 479 1240 effecerit,
516 1165 551 1228 id
586 1185 622 1228 se
658 1184 724 1228 non
752 1184 802 1238 ,ex
839 1165 1008 1227 rhetorum
1046 1162 1187 1227 officinis
1226 1165 1284 1227 sed
1322 1183 1361 1226 ex

270 1295 300 1333 ιο
316 1273 521 1338 Academiae
553 1272 670 1356 spatiis
701 1282 931 1337 consecutum.
998 1272 1085 1334 Sunt
1117 1271 1200 1335 aliae
1231 1292 1361 1345 causae,

317 1402 457 1466 magnae
485 1391 519 1446 et
547 1400 676 1466 graves,
703 1401 785 1464 quas
813 1401 832 1442 a
858 1379 955 1443 uobis
981 1379 1100 1462 aperiri
1127 1401 1268 1462 aequum
1299 1389 1361 1454 cst,

315 1489 473 1574 quoniam
505 1489 639 1573 quidem
672 1510 735 1572 ego
769 1488 832 1553 iam
862 1508 973 1552 meum
1006 1508 1127 1550 munus
1159 1487 1288 1570 expleri
1318 1499 1361 1562 et,

316 1598 405 1682 quod
430 1597 512 1661 mihi
536 1597 569 1661 in
595 1596 840 1662 consuetudine
864 1607 925 1670 est,
952 1596 1034 1660 satis
1063 1596 1186 1659 multos
1211 1596 1362 1672 offendi;

270 1726 296 1762 ιι
317 1727 411 1791 quos,
441 1705 469 1770 si
496 1705 585 1770 forte
613 1705 694 1770 haec
723 1705 898 1779 audierint,
925 1716 1053 1769 certum
1084 1705 1191 1768 habeo
1215 1705 1364 1769 dicturos

317 1835 381 1889 me,
399 1815 478 1878 dum
500 1814 580 1877 iuris
602 1823 635 1876 et
659 1812 889 1895 philosophiae
911 1812 1085 1878 scientiam
1106 1824 1275 1896 tamquam
1296 1835 1364 1877 ora-

316 1921 381 1986 tori
398 1921 619 1986 necessariam
636 1920 744 1994 laudo,
763 1919 899 2003 ineptiis
916 1919 999 1984 meis
1017 1919 1215 2022 plausisse's

267 2027 306 2094 33
365 2030 409 2095 Et
436 2030 611 2095 Maternus
629 2029 734 2094 ‘Mihi
757 2026 911 2113 quidem'
935 2028 1043 2112 inquit
1066 2041 1277 2114 ‘susceptum
1295 2052 1314 2094 a
1330 2041 1364 2095 te

318 2159 442 2203 munus
473 2139 557 2203 adeo
586 2138 757 2222 peregisse
791 2139 939 2202 nondum
968 2137 1090 2202 videris
1119 2150 1154 2201 ut
1189 2138 1365 2204 incohasse
1443 2141 1445 2147 ’

318 2257 450 2313 tantum
467 2257 501 2312 et
517 2246 609 2312 velut
626 2245 770 2330 vestigia
791 2267 829 2312 ac
849 2245 1044 2311 liniamenta
1068 2248 1229 2331 quaedam
1254 2259 1365 2312 osten·

269 2377 284 2415 ²
318 2357 409 2422 disse
440 2355 592 2422 videaris.
655 2355 741 2420 Nam
774 2355 896 2440 quibus
928 2355 1056 2420 artibus
1088 2356 1207 2421 instrui
1233 2370 1364 2423 veteres

318 2550 573 2614 X111.27.-ttnnt
596 2547 640 2600 ior
650 2565 731 2599 unrrm
747 2551 816 2612 (orti-
902 2563 940 2599 rt.
965 2550 1034 2600 dum
1050 2549 1150 2600 laudo:
1172 2552 1233 2600 dum
1247 2552 1307 2601 trith
1322 2552 1365 2601 the

316 2617 421 2686 ficium)
437 2617 470 2698 by
481 2618 620 2669 attraction
638 2626 667 2668 to
686 2617 729 2668 the
747 2617 815 2683 subj.
866 2627 970 2682 present
988 2618 1127 2668 indicative
1148 2619 1173 2667 in
1191 2619 1299 2669 iudireet
1317 2620 1366 2668 dis·

318 2685 746 2752 domenum-sordidissimis:
760 2685 815 2735 said
867 2701 959 2734 course
977 2685 998 2734 is
1016 2694 1063 2735 not
1082 2701 1239 2736 uncommou
1256 2687 1280 2736 in
1294 2688 1366 2737 Taci-

317 2753 378 2804 with
403 2753 533 2803 reference
553 2761 581 2802 to
603 2751 646 2802 the
667 2766 816 2818 mercenary
867 2763 917 2809 tus,
935 2753 1098 2818 particularly
1121 2753 1146 2802 in
1172 2755 1216 2803 tho
1235 2753 1366 2804 historical

316 2836 445 2886 purposes
467 2819 510 2870 ior
532 2819 614 2869 which
638 2825 744 2886 oratory
764 2835 816 2870 was
867 2819 960 2876 works,
977 2837 1020 2880 ug.
1038 2821 1106 2870 llisr.
1127 2820 1147 2870 1.
1185 2835 1214 2886 33
1238 2823 1308 2870 Ama
1329 2822 1365 2871 ll.

316 2888 462 2955 employed.
502 2887 560 2939 The
572 2897 687 2938 contrast
700 2886 815 2938 between
866 2887 1086 2952 8t.—ineptiis:
1114 2835 1243 2956 motiestly
1260 2899 1306 2954 put
1324 2889 1366 2939 lor

316 2964 384 3005 artes
394 2957 518 3020 ingenuare
526 2953 578 3004 and
586 2955 697 3020 artr'ficr'a
707 2956 729 3004 is
741 2953 817 3006 made
867 2955 977 3012 studiis:
1003 2954 1035 3004 cl.
1060 2955 1114 3005 Cic.
1138 2957 1167 3005 de
1198 2957 1242 3006 Or.
1271 2957 1290 3006 1.
1320 2971 1361 3006 trr
1397 3013 1401 3022 ¹

316 3022 374 3073 also
387 3021 534 3088 byCicero,
547 3023 647 3072 debita.
662 3023 713 3072 tlt.
727 3038 749 3084 4.
868 3024 973 3070 ‘Dicam
997 3023 1119 3087 equidem,
1144 3041 1262 3088 qrroumm
1296 3026 1365 3072 r'nstr'·

350 3105 376 3156 7.
398 3091 473 3141 itant:
497 3103 631 3142 musam:
664 3090 711 3140 viz.
732 3105 818 3155 super-
868 3091 914 3146 tui,
946 3097 1080 3154 pruinaque
1112 3108 1128 3139 o
1166 3092 1246 3140 rubis'
1281 3094 1377 3157 iuquit

317 3155 512 3224 liciality.-in
537 3165 664 3209 tentum:
693 3159 815 3222 post-Au·
868 3156 1002 3221 (Crassus)
1024 3166 1072 3206 ‘ne
1095 3158 1141 3206 has
1164 3175 1232 3208 ruens
1257 3161 1365 3224 ineptias

316 3234 410 3288 gusua
426 3223 469 3276 ior
484 3233 601 3285 murtrum
624 3225 657 3275 ci.
672 3226 730 3275 Ger.
744 3237 775 3292 45
786 3227 815 3274 in
865 3224 991 3288 fieretis!

315 3295 729 3358 dirutumulibertatedegenerant,¹
742 3291 815 3342 Drirl.
899 3289 944 3348 323,
963 3293 1055 3343 adeo:
1073 3293 1226 3345 correlative
1242 3295 1302 3345 with
1321 3297 1365 3346 the

317 3373 384 3423 ης
402 3363 673 3429 21.15irrquantum.
865 3358 1000 3424 following
1023 3370 1071 3412 ut:
1101 3363 1153 3412 ‘So
1178 3361 1218 3412 lar
1244 3379 1287 3414 are
1313 3381 1364 3432 you

349 3431 375 3479 8.
398 3429 535 3494 potiores,
548 3429 685 3494 wer'ghrr'er.
866 3427 934 3477 lrorn
946 3427 1063 3492 seeming
1080 3439 1108 3478 to
1126 3445 1167 3479 me
1185 3441 1213 3480 to
1234 3431 1300 3482 have
1321 3432 1366 3481 fin-

348 3509 375 3558 9.
398 3504 427 3546 et
438 3495 615 3556 Cicero,ete.:
627 3495 815 3553 anacoluthonr
867 3493 940 3544 tshed
958 3510 1024 3562 your
1041 3495 1108 3554 taslr,
1127 3498 1183 3546 that
1201 3513 1252 3563 you
1270 3515 1366 3564 appear

316 3577 355 3612 tre
373 3562 470 3614 should
487 3570 580 3628 expect
594 3570 622 3642 'et
636 3563 710 3626 apud
719 3579 764 3611 nos
777 3564 817 3613 ce·-
866 3562 928 3640 qnly
946 3572 975 3612 to
999 3563 1065 3612 haue
1086 3565 1224 3654 presented
1246 3565 1290 3615 the
1310 3577 1367 3616 out·

315 3629 816 3749 exaudiuntur
865 3627 1182 3762 trituratur,
1200 3714 1229 3750 a

317 3762 362 3814 tlte
380 3763 489 3815 citation
509 3763 618 3816 loiron
637 3763 693 3815 Cic„
714 3765 759 3814 Or.
778 3776 815 3813 η.
865 3761 951 3814 below
967 3773 996 3814 to
1015 3765 1279 3826 exercitationibus,
1293 3776 1367 3832 prac-
