2910 4136
105 199 155 244 -au
172 190 194 250 r]

405 187 591 235 titulantis
617 185 666 233 DE
691 183 936 232 ottnttrttlttvs:

107 364 169 426 bus
195 357 317 423 nostris
346 377 386 421 ex
413 375 452 420 eo
481 353 696 419 manifestum
722 365 783 428 est,
810 354 897 438 quod
924 374 943 417 a
970 351 1092 418 Crasso
1118 364 1150 417 et

109 468 257 533 Domitio
280 465 475 530 censoribus
500 463 699 536 eluderent
725 462 770 526 ait
797 461 925 536 Cicero,
946 461 1078 526 ‘ludum
1096 463 1152 526 im·

107 575 304 662 pudentiae’
323 571 404 638 iussi
418 583 506 637 sunt.
550 572 628 646 Sed,
644 581 679 634 ut
693 570 804 635 dicere
820 570 1039 646 institueram,
1053 571 1151 634 dedu·
1189 594 1202 630 ε

106 697 227 750 cuntur
245 685 277 747 in
296 683 436 755 scholas,
452 681 485 744 in
502 680 624 763 quibus
641 700 707 743 non
726 679 824 743 facile
841 679 980 743 dixerim
995 691 1151 744 utrumne

106 796 198 860 locus
217 794 288 877 ipse
303 813 344 856 an
363 787 583 871 condiscipuli
598 810 640 852 an
658 810 766 870 genus
785 788 970 852 studiorum
985 789 1060 873 plus
1076 789 1153 853 mali

107 902 250 986 ingeniis
282 901 421 966 adierat.
476 899 562 962 Nam
588 897 621 961 in
647 898 721 962 loco
746 898 828 960 nihil
858 898 1064 961 reuerentiae
1088 909 1150 973 est,
1187 920 1204 974 3

106 1015 139 1078 in
160 1034 258 1096 quem
286 1031 384 1074 nemo
410 1008 474 1073 nisi
498 1029 603 1092 acque
629 1006 804 1092 imperitus
832 1007 958 1084 intr·at;
984 1006 1016 1071 in
1043 1007 1153 1072 condi-

106 1121 242 1207 scipulis
260 1120 339 1186 nihil
358 1119 539 1203 proiectus
554 1139 629 1184 cum
648 1117 741 1202 pueri
759 1117 847 1180 iuter
863 1139 985 1201 pueros
998 1128 1031 1182 et
1044 1118 1153 1182 adule-

106 1231 248 1298 scentuli
267 1231 355 1294 inter
373 1230 643 1295 adulescentulos
662 1227 730 1312 [rari
748 1229 928 1292 securitate
946 1239 979 1293 et
993 1227 1104 1294 dicant
1118 1238 1152 1292 et

106 1342 304 1418 audiantur;
331 1341 423 1425 ipsae
449 1361 527 1403 vcro
556 1337 813 1402 exercitationes
842 1359 963 1419 magna
991 1358 1030 1402 cx
1059 1350 1153 1422 parte
1188 1360 1204 1408 4

106 1450 298 1516 contrariae.
352 1451 481 1531 Nempe
499 1447 587 1512 cuim
605 1449 671 1510 duo
688 1469 811 1529 genera
830 1445 1042 1512 materiarum
1065 1449 1152 1551 appii

107 1561 256 1622 rhetoras
275 1569 472 1631 tractantur,
488 1556 656 1619 suasoriae
673 1566 706 1619 et
724 1556 981 1620 coutroversiae.
1034 1558 1083 1620 liu
1100 1555 1152 1620 his
1188 1577 1203 1631 ς

107 1667 275 1732 suasoriae
307 1667 451 1750 quidem,
478 1677 647 1748 tamquam
678 1665 774 1748 plane
808 1664 947 1728 leviores
980 1677 1013 1729 et
1044 1665 1153 1730 minus

106 1777 302 1860 prudentiae
327 1777 511 1858 exigentes,
538 1775 650 1858 pueris
675 1774 883 1856 delegantur,
907 1775 1153 1840 controversiae

108 1885 349 1948 robustiorilms
371 1884 600 1966 adsignantur,
624 1885 750 1967 quales,
777 1905 835 1966 per
862 1885 970 1958 fidem,
997 1894 1152 1967 utquam

107 1994 346 2058 incredibiliter
363 1993 590 2076 compositae!
632 1993 792 2076 Sequitur
806 2004 928 2068 autem,
946 2003 980 2056 ut
996 1993 1154 2057 materiae
1187 2001 1205 2050 6

106 2103 297 2166 abhorrenti
330 2125 349 2166 a
377 2103 519 2166 ueritate
551 2101 749 2167 declamatio
781 2123 914 2185 qnoque
945 2102 1151 2168 adhibeatur.

108 2211 163 2275 Sic
190 2211 225 2274 lit
252 2222 287 2274 ut
313 2210 595 2296 tyrannicidarum
622 2211 767 2295 praemia
792 2221 848 2274 aut
875 2210 1065 2275 uitiatarum
1091 2211 1154 2275 ele·
1189 2233 1203 2282 7

107 2320 235 2384 ctiones
249 2331 305 2382 aut
325 2320 536 2402 pestilentiae
555 2320 701 2384 remedia
716 2332 768 2383 aut
792 2320 920 2384 incesta
941 2331 1083 2384 matrum
1097 2332 1152 2385 aut

141 2519 164 2554 a.
194 2515 343 2556 utrumne:
371 2505 414 2554 for
443 2514 550 2564 utrumn
579 2506 604 2555 in

107 2572 213 2620 'l‘aeitus
225 2573 286 2637 only
300 2573 360 2622 here
372 2573 422 2620 and
436 2587 475 2638 37.
488 2588 510 2634 a.

140 2653 164 2700 3.
188 2638 244 2688 nisi
264 2653 355 2703 aeque
376 2639 544 2704 imperitus:
568 2643 604 2689 ric.

108 2707 151 2755 the
170 2707 272 2755 teaeher
290 2706 381 2756 kuows
398 2723 432 2756 uo
451 2723 522 2757 more
542 2708 603 2757 thau

107 2773 147 2822 his
165 2775 264 2837 pupils;
284 2774 364 2824 hence
382 2775 453 2824 nihil
471 2790 604 2827 reveren·

107 2841 305 2905 tiae—pueri
324 2843 397 2891 inter
415 2857 531 2906 pueros,
544 2853 604 2893 ete:

109 2908 231 2957 Messalla
249 2924 338 2958 means
357 2909 413 2958 that
431 2919 457 2958 at
475 2911 540 2960 least
560 2911 604 2960 the

107 2973 172 3040 boys
196 2974 248 3024 and
277 2976 372 3041 youths
399 2976 481 3041 might
511 2977 543 3028 be
570 2979 604 3027 in·

106 3043 221 3091 strueted
251 3044 379 3105 together,
409 3060 440 3093 so
469 3045 525 3095 that
560 3046 603 3095 the

107 3125 195 3175 young
205 3110 301 3159 should
314 3111 391 3176 proiit
403 3111 490 3178 hythe
502 3123 604 3174 greater

107 3178 257 3239 experiente
292 3177 321 3226 ol
354 3179 420 3228 their
453 3181 604 3229 seniors.—

107 3245 280 3294 securitate:
309 3247 347 3294 r'.e.
367 3246 476 3296 without
497 3246 552 3296 sear
576 3246 605 3295 oi

106 3309 235 3360 criticism.
271 3312 328 3361 The
340 3322 446 3376 poorest
462 3313 540 3363 efiort
553 3329 605 3362 was

106 3391 166 3425 sure
179 3376 208 3426 oi
219 3378 351 3442 applause.

139 3457 164 3504 ⁴·
189 3446 357 3502 contrariae,
373 3447 605 3509 pernicieus‚—-in

108 3508 605 3577 thissensepost-Augustam-nempo

108 3575 523 3641 enim,sor‹rserwrybodykrretus.
548 3579 606 3628 'l'he

107 3638 201 3700 phrase
213 3642 235 3690 is
251 3642 334 3692 found
346 3645 408 3710 only
420 3643 480 3693 here
495 3646 520 3693 in
534 3645 606 3694 Taci-

108 3711 158 3752 tus.
171 3711 365 3760 -suasoriae
389 3719 418 3759 et
443 3720 606 3761 controver-

657 2508 735 2556 siae:
761 2509 795 2550 it«
822 2506 918 2555 iorrner
937 2522 1002 2556 were
1021 2507 1154 2573 hortatory

657 2575 681 2623 iu
700 2575 783 2622 chara·
796 2587 839 2629 ter.
854 2575 897 2622 the
916 2575 992 2622 latter
1009 2582 1154 2636 argument-

656 2641 732 2690 atire.

689 2724 713 2772 5.
733 2707 959 2758 robustioribus:
978 2709 1014 2757 ie.
1026 2709 1069 2757 the
1082 2707 1154 2757 older

656 2775 835 2842 boys-per
858 2777 963 2826 odem:
989 2791 1022 2824 an
1046 2775 1153 2825 unusual

655 2845 727 2900 nath,
740 2843 790 2892 aud
809 2846 945 2908 oecurring
962 2845 1024 2909 only
1042 2844 1067 2892 in
1085 2853 1153 2908 post·

656 2912 792 2973 Augustan
813 2912 917 2960 writers.
954 2913 990 2957 So
1012 2911 1152 2968 l‘etr.1oo;

656 2979 782 3042 Apuleio.
797 2979 855 3026 ⁴ilrl.
871 2979 917 3026 l'l.
934 2991 986 3043 ¹75·

688 3049 714 3096 6.
738 3047 927 3097 declamatio:
945 3048 981 3094 eir.
998 3062 1015 3094 a
1030 3045 1154 3094 declama

656 3123 714 3180 tory
726 3123 762 3177 st}
771 3124 791 3158 't'
804 3114 833 3163 oi
845 3114 965 3178 delivery.

688 3195 712 3244 7.
737 3183 771 3229 sir
804 3181 833 3230 iit
855 3189 886 3231 ut
910 3180 1152 3243 tyrannicidarum

656 3253 793 3314 praemia.
813 3257 879 3297 ete:
903 3249 1035 3312 examples
1058 3247 1086 3296 oi
1111 3247 1154 3294 tire

656 3315 771 3380 subjeets
808 3315 889 3364 which
929 3314 972 3362 the
1006 3315 1091 3378 pupils
1125 3314 1154 3360 oi

656 3383 700 3432 the
722 3384 832 3430 rhrnwcs
852 3397 917 3430 were
938 3392 1007 3430 uum
1029 3392 1056 3430 to
1080 3389 1153 3430 treat.

657 3449 731 3498 Thus
756 3449 817 3514 they
837 3447 971 3496 ‹liscussed
996 3447 1040 3497 the
1061 3463 1155 3510 proper

657 3515 754 3563 reward
774 3525 801 3564 to
819 3513 851 3563 he
869 3513 1001 3562 bestowed
1014 3530 1084 3577 upon
1102 3514 1153 3562 him

657 3581 716 3629 who
751 3581 802 3630 had
837 3580 975 3629 murdered
1004 3595 1020 3629 a
1049 3587 1154 3646 tyraut;

657 3646 771 3696 whether
784 3664 800 3695 a
810 3645 931 3696 ravished
944 3646 1046 3695 maiden
1059 3645 1153 3695 should

657 3711 742 3778 preter
751 3713 828 3762 death
838 3727 869 3762 or
878 3713 1004 3778 marriage
1015 3729 1021 3775 ς
1041 3712 1154 3763 whether
