2952 4138
181 273 197 285 .
234 229 270 281 46
595 229 620 278 P.
642 228 822 278 CORNELII
847 227 974 278 'l'ACl'l'l
1242 225 1287 286 [⁸25.
1303 241 1331 272 ι·

234 396 275 462 25
332 397 418 463 Tum
438 396 616 462 Messalla:
643 399 792 481 ‘Sequar
809 396 1046 480 praescriptam
1063 417 1083 460 a
1099 407 1143 471 te,
1165 397 1326 471 Materne,

284 505 448 585 formam3
480 527 588 590 neque
613 506 701 570 euim
724 506 780 570 diu
804 505 1122 570 contradicendum
1148 515 1199 569 est
1223 505 1326 588 Apro.

194 610 197 616 ’
285 615 353 700 Qui
376 614 528 700 primum,
548 625 583 679 ut
606 614 733 698 opinor,
758 613 903 678 nominis
927 613 1189 679 controversiam
1215 615 1327 690 movit,

285 735 455 809 tamquam
475 746 590 808 parum
613 724 745 808 proprie
766 723 896 807 antiqui
918 734 1129 799 vocarentur,
1146 744 1230 808 quos
1247 724 1329 787 satis
1393 719 1394 724 ’

235 854 250 891 2
284 844 416 900 constat
443 843 523 898 ante
552 845 686 899 centum
715 852 822 898 annos
850 832 964 898 luisse.
1030 833 1115 896 Mihi
1146 843 1258 896 autem
1287 833 1329 896 de

282 943 443 1009 vocabulo
461 964 571 1026 pugna
584 964 649 1007 non
663 952 715 1007 est
729 964 736 1007 :
760 940 831 1006 sive
849 941 921 1006 illos
933 942 1089 1026 antiquos
1103 941 1173 1006 sive
1186 941 1328 1006 maiores

283 1053 353 1117 sive
365 1074 432 1137 quo
447 1052 513 1116 alio
530 1051 654 1116 mavult
672 1051 807 1115 nomine
823 1051 979 1135 appellet,
993 1052 1073 1115 dum
1091 1053 1189 1116 modo
1206 1051 1239 1115 in
1254 1073 1329 1116 con·
1411 1061 1413 1065 “

266 1162 374 1236 ,Ιεεεο
392 1162 435 1226 sit
456 1160 711 1225 eminentiorem
736 1160 865 1224 illorum
889 1170 1076 1243 temporum
1100 1160 1325 1244 eloquentiam

212 1293 250 1346 ,3
283 1270 397 1336 luisse.
458 1271 510 1334 Ne
543 1270 589 1333 illi
614 1270 748 1355 quidem
777 1269 863 1352 parti
891 1269 1056 1334 sermonis
1080 1269 1152 1334 eius
1178 1289 1328 1352 repugno

284 1401 349 1466 qua
365 1379 460 1465 quasi
482 1378 633 1444 cominus
650 1378 745 1443 nisus
767 1378 893 1443 latetur
915 1378 1027 1462 plures
1050 1378 1174 1443 formas
1196 1378 1327 1444 dicendi

233 1513 250 1561 4
283 1489 384 1555 etiam
409 1489 514 1554 isdem
540 1489 692 1563 saeculis,
711 1489 832 1553 nedum
857 1487 1007 1564 diversis,
1029 1487 1209 1554 exstitisse.
1261 1489 1327 1553 Sed

282 1620 349 1684 quu
361 1599 460 1662 modo
473 1598 560 1663 inter
572 1597 708 1663 Atticos
725 1608 875 1663 oratores
892 1598 1017 1682 primae
1035 1597 1257 1662 Demostheni
1273 1597 1328 1661 tri-

284 1709 440 1783 buuntur,
459 1707 644 1791 proximum
662 1716 774 1772 autem
793 1707 900 1772 locum
920 1705 1109 1772 Aeschines
1130 1717 1163 1771 et
1186 1706 1328 1793 Hyperi·

283 1817 343 1883 des
369 1828 403 1882 et
432 1815 550 1903 Lysias
577 1828 611 1882 et
640 1817 815 1904 Lycurgus
844 1816 1008 1893 obtinent,
1037 1817 1185 1882 omnium
1214 1827 1326 1881 tamen

235 1948 250 2003 ς
284 1948 446 1994 concessu
479 1927 560 1992 haec
589 1937 757 1992 oratorum
786 1937 880 1992 aetas
911 1926 1054 1991 maxime
1086 1928 1253 2010 probatur,
1280 1926 1327 1991 sic

190 2053 201 2071 ’·
281 2038 369 2123 apud
392 2059 453 2102 nos
476 2037 594 2103 Cicero
618 2037 752 2122 quidem
777 2047 907 2103 ceteros
932 2037 1112 2102 eorundem
1138 2049 1327 2120 temporum

315 2211 360 2272 25.
390 2215 522 2273 iorrncrn,
545 2215 619 2277 plan.
633 2235 667 2251 ·-
684 2228 777 2279 neque
830 2227 968 2279 repugno.
1016 2213 1140 2264 Messalla
1160 2228 1250 2263 means
1271 2213 1327 2263 that

283 2281 341 2340 diu,
352 2290 382 2330 a!
392 2298 426 2330 no
437 2287 514 2345 grau!
523 2281 630 2345 langela·
647 2283 694 2330 dire
705 2297 735 2330 as
752 2283 777 2330 in
831 2283 909 2345 Aper,
922 2281 989 2330 aiter
1001 2295 1017 2330 a
1029 2281 1193 2346 preliminary
1204 2280 1326 2330 skirmish

286 2363 322 2399 ιι.
336 2363 390 2398 1.-
396 2349 522 2399 nominis
539 2349 778 2399 controversiam:
829 2347 909 2398 about
923 2349 966 2399 the
980 2347 1101 2411 meaning
1113 2348 1142 2397 ot
1152 2350 1262 2413 orete'qro',
1276 2346 1327 2398 had

282 2419 320 2466 ἐι.
332 2417 376 2466 the
389 2415 533 2465 discussion
552 2414 632 2464 about
651 2415 695 2465 the
708 2415 778 2464 word
829 2424 856 2466 at
873 2415 924 2466 last
941 2415 1066 2479 grappled
1078 2413 1139 2465 with
1159 2415 1199 2464 bis
1216 2415 1326 2480 subject,

281 2485 425 2548 amput-
432 2483 659 2532 controversiam
673 2482 778 2533 movit:
830 2484 872 2532 On
883 2483 927 2532 the
936 2483 1086 2558 expression
1099 2483 1231 2532 cominus
1244 2483 1327 2532 nisus

282 2550 315 2601 ci.
341 2550 377 2601 16.
398 2565 407 2600 ι
435 2552 602 2616 quaestionem
627 2550 779 2599 movislr'.-
829 2548 946 2599 cision,
961 2549 1007 2599 Ν.
1022 2561 1048 2616 51
1064 2550 1198 2599 aduersum
1213 2551 1327 2598 resisten-

282 2619 451 2685 tamquam:
479 2633 523 2668 see
546 2630 582 2668 ιο.
603 2633 656 2680 4n.
668 2646 701 2654 -
713 2630 779 2667 cen·
829 2619 863 2666 tis
878 2618 994 2666 cominus
1012 2617 1240 2668 niel—latetur:
1258 2627 1328 2682 post·

282 2695 357 2737 tum:
378 2687 423 2735 the
440 2684 524 2735 round
542 2684 659 2742 nurnber,
677 2684 779 2734 instead
830 2685 968 2748 Augustan
987 2684 1029 2735 lor
1045 2686 1114 2742 dicit,
1127 2701 1156 2735 as
1173 2686 1198 2735 in
1215 2698 1252 2747 17.
1265 2700 1329 2746 4.-

281 2753 311 2802 ot
321 2760 419 2802 centum
431 2760 456 2802 et
466 2754 561 2815 vrgs'nrs'
570 2768 599 2802 as
611 2751 702 2802 above.
830 2752 939 2802 lorinus
957 2751 1080 2811 dicendi,
1093 2755 1167 2816 stpdes
1178 2754 1210 2817 cp
1218 2759 1326 2815 oratory.

315 2833 338 2869 a.
358 2820 419 2870 sive
439 2819 502 2870 illos
521 2819 696 2885 antiquos..
710 2833 779 2884 ap·
862 2834 887 2882 ⁴·
910 2833 968 2884 quo
987 2820 1089 2869 modo:
1107 2835 1163 2869 rare
1179 2819 1269 2868 before
1284 2819 1328 2868 the
1429 2827 1432 2834 ·

283 2887 379 2952 pellet,
391 2887 426 2936 Ic!
436 2887 490 2934 him
502 2887 556 2935 call
565 2888 632 2934 them
647 2885 779 2950 ‘arctabam'
830 2886 969 2947 Augustan
978 2902 1029 2936 era.
1059 2884 1116 2936 The
1124 2887 1219 2951 phrase
1227 2886 1328 2951 usually

281 2952 460 3009 or‘mm'ores,’
471 2969 502 3001 or
512 2953 542 3016 hy
552 2969 605 3015 orry
616 2953 688 3001 other
705 2968 780 3001 raam
830 2951 905 3002 takes
923 2952 967 3002 the
985 2952 1053 3002 form
1073 2968 1145 3017 quem
1163 2953 1201 3002 ad
1215 2952 1326 3001 necdum.

281 3020 314 3068 lle
330 3019 516 3085 prestre-ln
533 3018 671 3069 conlesso
688 3017 741 3068 sit:
764 3033 780 3068 a
830 3019 1004 3084 -prirnaez
1032 3036 1065 3069 sc.
1083 3028 1180 3083 parrer,
1202 3019 1244 3068 the
1262 3018 1329 3084 first

281 3084 779 3152 post-Augustaniormolexpression;
826 3087 952 3149 placa-
969 3086 1105 3153 originally
1138 3101 1155 3136 a
1192 3085 1326 3137 theatrical

281 3151 315 3203 ci.
325 3155 388 3218 Agr.
403 3167 412 3202 r
427 3155 457 3202 ἐκ
468 3160 560 3216 aperto.
831 3160 904 3210 term,
933 3154 975 3203 tle
1002 3154 1107 3217 leading
1133 3153 1192 3203 rile.
1205 3180 1238 3191 -
1254 3153 1327 3203 baec

315 3233 340 3283 ³·
364 3219 404 3270 llll
423 3219 497 3285 perti
518 3219 677 3271 sermonis:
699 3217 780 3269 allud·
830 3229 976 3272 oretorum
995 3229 1094 3271 aetate
1114 3223 1151 3270 εἰ.
1164 3221 1255 3270 lorum
1274 3237 1328 3269 ora·

282 3285 326 3351 ing
347 3285 512 3402 panicularq
533 3296 561 3336 to
584 3286 629 3336 the
652 3285 780 3351 thoughts
829 3292 913 3336 torum
931 3295 1019 3345 aeram
1037 3287 1070 3337 ci.
1084 3299 1105 3337 a.
1121 3301 1131 3338 1
1145 3305 1173 3337 eo
1188 3289 1329 3353 tragoedrhe

281 3351 421 3404 contained
438 3353 489 3403 int
511 3355 586 3416 ‚gin
604 3354 658 3403 illis
674 3369 779 3420 quoque,
829 3362 986 3418 argumetum
1022 3355 1044 3404 L
1061 3354 1113 3405 slas
1133 3354 1260 3420 preceded
1284 3356 1328 3406 the

281 3421 576 3487 quorvotatr'santr'qreos
587 3421 801 3486 pluresspccr'rs'
830 3421 907 3471 other
923 3431 1026 3472 orators
1044 3370 1105 3473 iere
1123 3423 1274 3476 mentioned
1294 3423 1328 3490 by

280 3487 440 3551 deprehendi,
455 3504 499 3538 nec
511 3489 596 3538 statim
609 3489 720 3538 deterius
730 3503 781 3537 esse
831 3487 887 3538 hali
902 3503 919 3538 a
935 3499 1043 3557 century
1054 3505 1086 3540 or
1102 3507 1189 3553 more;
1205 3502 1250 3608 pet
1268 3500 1295 3543 at
1312 3506 1329 3541 a

282 3620 415 3672 cominus
433 3621 526 3681 nisus,
538 3623 628 3680 where,
640 3623 742 3686 coming
755 3627 781 3670 to
830 3619 895 3672 does
906 3632 953 3673 not
966 3623 1078 3674 hesitare
1089 3633 1118 3674 to
1126 3626 1193 3676 class
1203 3559 1328 3675 hiriisviiili

280 3688 345 3738 close
365 3695 490 3754 quarem,
513 3696 583 3738 soto
603 3690 697 3753 spent:
720 3703 780 3738 con·
830 3687 875 3739 the
886 3690 983 3740 others.

189 3754 192 3762 “
282 3753 384 3820 tiauiag
392 3753 622 3820 tbefigurebegun
635 3755 779 3820 inpugna,
864 3770 889 3819 5.
913 3755 1024 3817 cicero,
1049 3757 1168 3818 Calvus,
1188 3767 1254 3810 eto:
1277 3757 1330 3809 tbls

281 3555 351 3620 quod
370 3556 500 3605 diversum
524 3562 672 3620 est-qun
695 3554 780 3620 quasi
830 3554 947 3606 distance
956 3556 986 3606 oi
996 3556 1057 3607 iour
1065 3559 1194 3609 centuries
