2952 4138
145 179 197 223 -2'0-
215 178 235 238 ι]
430 179 616 230 tunlantt's
643 179 690 228 llli
715 177 960 227 trRA't'utttltl's.
1212 175 1245 230 47

147 348 292 411 disertos
308 350 502 424 antecessit,
521 351 643 414 Calvus
661 360 771 412 autern
794 357 828 411 et
852 345 994 410 Asinius
1017 358 1050 411 et
1070 347 1195 410 Caesar

148 469 181 520 et
208 456 342 520 Caelius
365 471 397 522 et
426 461 550 560 llrptus
573 459 642 523 iure
667 469 699 522 et
726 457 891 540 prioribus
916 467 949 520 et
974 455 1193 540 sequentibus

147 577 408 647 autepouturtur.
472 570 543 634 Nec
573 568 674 632 relert
703 567 791 650 qtunl
819 565 905 629 inter
931 587 967 629 se
993 564 1105 648 specie
1133 564 1194 628 dii·

149 673 272 749 lerunt,
298 697 373 742 curu
399 701 523 760 genere
548 677 770 742 consentiant.
830 675 1035 738 Adstrictior
1060 673 1191 749 Calvus,
1228 688 1247 742 6

149 786 320 848 nervosior
338 788 489 864 Asinius,
509 787 712 871 splendidior
733 785 865 860 Caesar,
883 783 1025 848 amarior
1050 783 1191 858 Caelius,

148 894 280 974 gravior
315 897 447 975 Brutus,
479 896 708 961 vehementior
739 906 771 958 et
805 893 933 978 plenior
965 903 998 957 et
1031 891 1194 957 ualentior

150 1003 292 1084 Cicero;
324 1029 440 1070 ‹irraues
467 1019 578 1071 tamen
608 1008 747 1071 eandem
777 1006 953 1068 sanitatem
984 1004 1193 1088 eloquentiae
1228 1023 1244 1072 7

150 1113 353 1196 praeierunt,
386 1127 431 1191 ut,
462 1117 489 1180 si
522 1116 670 1180 omniurn
704 1115 826 1198 pariter
858 1113 960 1177 libros
993 1114 1025 1177 in
1059 1133 1191 1177 manum

150 1224 342 1306 sumpseris,
358 1226 453 1300 scias,
469 1226 619 1309 quarnvis
638 1225 670 1288 in
687 1224 827 1288 diuersis
846 1223 988 1305 ingeniis
1006 1243 1081 1287 csse
1093 1242 1193 1306 quau-

149 1332 223 1395 ‹lanr
243 1332 354 1398 iudicii
372 1357 410 1399 ac
427 1334 610 1398 voluntatis
627 1333 878 1397 similitudinem
896 1343 929 1396 et
947 1331 1191 1416 cognationem.

152 1443 237 1507 Nam
264 1445 352 1527 (lumi
380 1446 411 1508 in
438 1445 543 1510 vicem
567 1467 603 1508 se
626 1445 898 1508 obtrectaverunt
923 1454 956 1507 et
982 1454 1060 1506 suut
1085 1442 1193 1527 aliqua
1227 1457 1244 1508 8

150 1552 303 1635 epistulis
333 1576 446 1618 eorum
481 1555 605 1619 inserta
637 1575 677 1618 ex
706 1553 826 1637 quibus
856 1563 981 1638 mutua
1005 1552 1194 1636 malignitas

150 1663 328 1745 detegitur,
363 1686 429 1728 nou
462 1676 513 1728 est
550 1675 717 1728 oratorum
754 1663 882 1738 vitirun,
916 1663 974 1726 sed
1012 1662 1192 1727 hominum.

152 1772 238 1836 Nam
256 1783 289 1836 et
309 1774 447 1839 Calvum
466 1786 498 1838 et
518 1775 674 1838 Asinium
694 1785 726 1838 et
745 1773 853 1856 ipsum
876 1773 1072 1837 Ciceronem
1095 1773 1193 1838 credo
1228 1793 1246 1843 9

151 1882 266 1945 solitos
292 1896 325 1946 et
352 1884 499 1948 inuidere
524 1896 556 1948 et
583 1884 684 1948 livere
710 1895 743 1948 et
770 1883 892 1948 ceteris
918 1883 1083 1948 humanae
1109 1881 1194 1947 inlir-

151 1991 277 2056 mitatis
294 1993 383 2057 vitiis
403 1995 524 2071 adlici;
556 1995 663 2058 solum
689 1994 776 2058 inter
801 1993 861 2057 bos
886 1992 1028 2057 arbitror
1054 1993 1247 2058 Brutorum

151 2122 216 2165 non
237 2103 444 2185 malignitate
465 2126 526 2168 nec
548 2105 679 2178 inuidia.
699 2105 758 2167 sed
775 2103 971 2184 simpliciter
993 2114 1026 2166 et
1050 2102 1195 2186 ingenue

152 2210 308 2275 iudicium
326 2213 427 2276 animi
447 2214 497 2276 sui
515 2213 691 2277 detexisse.
743 2211 798 2275 An
825 2211 878 2275 ille
902 2211 1056 2276 Ciceroni
1074 2211 1196 2276 invide·

152 2333 211 2396 ret,
227 2321 282 2405 qui
297 2321 376 2384 mihi
390 2321 521 2386 videtur
535 2345 577 2385 ne
591 2323 725 2386 Caesari
739 2321 872 2406 quidem
888 2321 1064 2385 invidisse?
1095 2322 1194 2405 Quod
1215 2349 1242 2389 n

150 2429 191 2492 ad
217 2431 369 2494 Serrium
396 2431 535 2494 Galbam
561 2443 594 2494 et
622 2431 658 2496 C.
680 2431 828 2495 laelium
854 2431 974 2495 attinet
1000 2441 1033 2494 et
1059 2430 1194 2514 siquos

150 2537 232 2602 alios
250 2539 473 2623 antiquiorum
497 2541 589 2625 Aper
609 2540 736 2624 agitare
759 2563 823 2603 non
847 2539 988 2615 destitit,
1008 2561 1073 2604 non
1091 2539 1194 2624 exigit

150 2648 372 2724 defensorem,
392 2671 466 2714 cum
490 2651 597 2715 latear
619 2653 780 2734 quaedam
799 2650 1010 2734 eloquentiae
1027 2671 1139 2715 eorum
1158 2662 1194 2715 ut

152 2759 302 2822 nascenti
320 2759 427 2824 adhuc
446 2781 507 2824 nec
525 2758 607 2824 satis
628 2760 760 2834 adultae
783 2759 941 2824 defuisse.
991 2760 1148 2825 Ceterum
1166 2761 1193 2824 si
1206 2758 1245 2824 26

151 2909 193 2956 list
220 2925 309 2970 agrees
334 2909 393 2958 nith
421 2911 476 2959 that
501 2911 649 2978 previously

732 2916 757 2960 8.
775 2913 861 2976 quod,
871 2928 901 2959 as
910 2912 1015 2973 regards
1022 2913 1126 2977 theſsari
1134 2913 1195 2961 that.

151 2974 227 3036 given
241 2975 273 3040 hy
285 2976 354 3039 :iper
367 2975 391 3024 iu
410 2989 445 3037 17.
458 2991 477 3030 r.
487 2988 578 3041 except
593 2977 648 3028 that

699 2979 770 3026 -in
794 2979 902 3027 vicem:
930 2980 1136 3042 post-Augustam
1155 2979 1196 3027 tor

154 3041 276 3090 Messalla
295 3041 354 3090 here
376 3043 505 3110 modestly
522 3045 602 3093 ouuts
621 3057 649 3094 to

152 3108 266 3156 mention
276 3108 316 3158 bis
323 3125 380 3159 orso
387 3121 508 3160 ancestor
518 3111 648 3161 Messalla.

184 3177 208 3223 ⁶.
233 3175 405 3236 adstrictior,
418 3179 517 3226 :trister
532 3179 558 3228 in
575 3180 648 3245 style.

151 3243 358 3294 -aervosiorr
382 3244 415 3294 cl.
436 3246 490 3295 Cic.
508 3247 584 3296 linit.
604 3261 645 3297 rar

152 3312 209 3377 quir
221 3314 355 3364 Aristotele
367 3319 498 3364 erraverim
508 3315 649 3380 i-splen·

152 3381 254 3432 didior:
264 3383 649 3452 hereapparentlyolclearness

151 3449 180 3498 ol
189 3451 261 3518 style.
271 3451 402 3504 toronica
413 3455 509 3504 Caesar
517 3455 538 3502 is
548 3453 648 3518 praised

152 3515 185 3581 by
203 3517 266 3568 both
292 3521 384 3571 Cicero
408 3523 494 3582 (lirul.
515 3522 572 3580 261)
598 3521 649 3570 and

152 3583 296 3642 Quintilian
311 3587 355 3648 lx.
372 3602 391 3637 r.
408 3589 648 3653 raah-gravior:

152 3648 295 3710 Quintilian
306 3654 362 3702 also
372 3654 406 3715 (Χ
414 3653 447 3703 ll.
458 3667 494 3703 ιο.
507 3655 649 3717 trispeakts

151 3714 180 3764 ol
192 3715 235 3766 the
244 3719 361 3782 gruarius
372 3718 401 3768 ol
416 3719 532 3769 lirutus's
544 3720 617 3786 style.

700 3047 768 3094 e'rrter
790 3063 821 3098 sc.
840 3060 869 3093 as
888 3057 926 3093 20.
941 3056 972 3110 5;
1001 3043 1033 3094 cl.
1052 3048 1116 3109 algr-
1133 3045 1150 3096 6
1167 3047 1195 3094 ἐκ

700 3115 776 3161 trr'cem
796 3130 820 3159 a·
837 3112 1016 3174 ‹tndponmda

736 3193 774 3230 ro.
801 3181 923 3229 Brutum
942 3192 1000 3229 non
1017 3179 1196 3245 malignitate

701 3283 728 3298 ..
743 3283 749 3297 .
762 3249 926 3298 detexisse:
947 3247 1098 3309 zeugmatic.
1134 3249 1197 3312 Sup-

701 3317 743 3381 ply
756 3316 780 3364 in
794 3335 869 3368 sense
881 3333 955 3368 some
967 3316 1030 3366 such
1044 3314 1156 3378 thought
1167 3329 1197 3363 as

700 3387 816 3434 lucramu-
829 3403 885 3446 esse,
900 3402 930 3436 or
948 3386 1118 3435 iudicum.-
1127 3381 1197 3431 invi·

701 3456 796 3503 deret:
819 3455 862 3504 the
880 3453 964 3520 subju.
978 3452 999 3502 is
1016 3448 1197 3506 deliberantium

701 3523 744 3571 (ir.
759 3521 813 3570 abl.

735 3603 774 3639 ιι.
799 3589 902 3652 exigit;
916 3603 946 3646 as
957 3585 1025 3651 subi.
1039 3581 1197 3636 understand

700 3656 735 3712 nl,
753 3665 780 3704 to
793 3653 824 3703 be
840 3653 959 3718 supplied
974 3652 1042 3703 from
1056 3653 1132 3718 quod
1148 3685 1155 3700 .
1169 3685 1196 3700 ..

700 3722 813 3800 attinet.
