2910 4136
101 165 149 210 -82
165 163 190 224 6]
391 158 578 208 DIALOGVS
604 158 653 207 DE
677 158 923 207 ORATontuvs‘.
1164 157 1198 210 73
1296 119 1308 134 ⁴

99 325 330 408 explicantur!
359 325 361 332 ’
380 325 466 388 Nam
491 345 557 408 quo
582 326 680 389 modo
702 325 830 390 nobiles
849 345 953 409 equos
974 345 1090 390 cursus
1110 334 1144 389 et
1181 346 1198 399 3

100 434 207 518 spatia
236 432 388 515 probant,
419 433 467 497 sic
493 443 544 497 est
577 433 696 517 aliquis
721 445 888 498 oratorum
914 454 1061 516 campus
1087 454 1146 516 per

99 564 196 629 quem
215 539 280 603 nisi
299 539 394 603 liberi
412 551 445 603 et
464 541 564 604 soluti
583 540 742 618 ferantur,
761 541 956 606 debilitatur
970 563 1008 606 ac
1025 541 1146 624 frangi-

99 667 153 718 tur
172 651 372 736 eloquentia.
426 653 537 734 Ipsam
558 652 637 736 quin
660 653 761 717 immo
784 673 894 716 troam
918 662 953 716 ct
974 651 1145 734 diligentis
1181 675 1199 720 4

99 761 166 826 stili
182 760 385 824 anxietatem
405 761 605 824 contrariam
623 761 820 844 experimur,
840 761 918 844 (pria
934 781 1033 844 saepe
1050 759 1150 825 inter-

100 881 192 952 rogat
220 869 317 932 iudex
344 871 477 952 qnando
500 869 649 952 incipias,
670 881 703 934 ct
727 891 767 934 ex
790 868 1052 952 interrogatione
1074 867 1146 932 eius

99 976 325 1058 incipiendum
352 987 414 1049 est,
442 977 638 1060 frequenter
666 977 918 1060 probationibus
944 987 977 1040 et
1002 976 1187 1091 testibus‘)
1228 1027 1245 1050 ,

99 1083 269 1147 silentium
298 1084 467 1167 inpatiens
493 1083 619 1150 indicit.
679 1085 777 1148 Vnus
805 1084 892 1148 inter
915 1082 998 1148 haec
1022 1082 1146 1146 dicenti
1173 1095 1181 1164 ’,
1228 1141 1230 1148 .

97 1202 153 1256 aut
187 1191 271 1256 alter
303 1191 436 1255 adsistit
470 1204 502 1255 et
537 1213 590 1256 res
620 1193 710 1255 velut
744 1193 777 1255 in
811 1191 992 1255 solitudine
1024 1191 1143 1272 agitur.

100 1299 233 1364 Oratori
267 1312 379 1363 autem
413 1300 557 1364 clamore
590 1300 775 1384 plausuque
804 1321 887 1382 opus
915 1310 967 1363 est
996 1308 1030 1363 et
1054 1298 1144 1361 velut
1184 1319 1198 1372 ς

99 1409 241 1490 quodam
259 1407 391 1471 theatro
408 1429 415 1484 ;
432 1409 541 1490 qualia
557 1408 696 1472 cottidie
712 1407 859 1490 antiquis
872 1407 1059 1471 oratoribus
1072 1427 1147 1470 con·

100 1516 286 1598 tingebant,
305 1537 380 1580 curn
400 1526 449 1579 tot
468 1517 592 1599 pariter
607 1536 646 1580 ac
664 1524 732 1579 tarn
750 1516 879 1580 nobiles
897 1515 1006 1579 iorum
1024 1525 1147 1580 coorta·
1226 1515 1229 1520 ’

100 1635 183 1699 rent,
201 1645 277 1688 cum
301 1623 478 1688 clientelae
501 1646 634 1709 qnoque
655 1646 694 1689 ac
712 1625 820 1688 tribus
839 1637 872 1689 ct
890 1623 1145 1707 municipiorum

100 1733 200 1796 etiam
232 1732 419 1815 legationes
448 1754 486 1798 ac
518 1755 595 1816 pars
621 1733 738 1798 Italiae
770 1733 1036 1816 periclitantibus
1064 1733 1146 1822 adsi·

100 1850 214 1916 steret,
233 1861 309 1905 cum
339 1841 371 1905 in
401 1841 568 1925 plerisque
595 1841 724 1907 iudiciis
747 1843 896 1906 crederet
922 1842 1064 1926 populus
1083 1843 1147 1905 Ro-

100 1969 218 2013 manus
243 1971 303 2014 sua
328 1949 493 2014 interesse
520 1951 599 2034 quid
629 1951 841 2016 iudicaretur.
899 1951 988 2015 Satis
1015 1961 1145 2016 constat
1181 1967 1200 2018 6

101 2057 138 2120 C.
168 2057 361 2122 Cornelium
390 2070 423 2122 et
455 2060 501 2124 M.
530 2061 692 2124 Scaurum
722 2070 755 2123 et
789 2061 827 2124 'tt
861 2060 1022 2124 Milonem
1047 2070 1080 2123 et
1107 2059 1145 2124 L.

103 2165 249 2230 Bestiam
279 2178 312 2230 et
344 2168 375 2231 Ρ.
401 2168 573 2231 Vatinium
603 2189 768 2233 concursu
802 2167 906 2232 totius
939 2167 1084 2232 civitatis
1112 2179 1145 2230 et

98 2287 272 2339 accusatos
293 2287 326 2340 et
348 2275 518 2352 defensos,
537 2287 573 2340 ut
597 2277 830 2360 frigidissimos
848 2298 981 2361 quoque
998 2289 1145 2341 oratores

131 2467 154 2513 3.
179 2469 236 2518 quo
255 2456 356 2505 modo:
379 2470 423 2505 see
443 2468 481 2522 25.
500 2471 514 2516 4
533 2471 598 2504 n.—
648 2457 710 2505 time
739 2473 769 2505 so
802 2471 879 2521 many
910 2455 960 2505 and
993 2472 1023 2505 so
1052 2454 1146 2506 nobie)

98 2531 200 2570 cursus
213 2530 240 2571 et
252 2523 355 2586 spatia,
365 2525 479 2586 spurious
491 2539 596 2582 cuorus,
650 2523 722 2572 With
753 2532 794 2573 tot
827 2523 878 2572 auid
909 2524 1021 2574 nobiles
1051 2523 1145 2588 supply

97 2584 248 2652 ltendindys.
647 2591 775 2646 boneium
800 2591 832 2636 ei.
846 2593 905 2638 Seu.
921 2592 969 2653 Ep.
992 2591 1044 2639 108.
1063 2592 1094 2654 38
1112 2597 1148 2638 tot

127 2668 152 2714 4.
178 2654 246 2717 quin
274 2654 378 2704 immo:
407 2656 595 2720 post-positive.
646 2673 675 2705 ac
697 2657 1020 2706 t‹rlium.-adsisteret:
1049 2657 1074 2704 in
1101 2655 1145 2705 the

28 2755 29 2782 3
96 2721 145 2767 See
163 2721 186 2768 6.
206 2724 492 2784 3n.-contrariam,
506 2725 595 2788 sterile,
646 2722 750 2789 judicia}
770 2740 853 2780 sense,
875 2725 1082 2787 post-Augustam
1103 2722 1145 2772 ior

28 2791 30 2846 ξ
95 2785 158 2834 used
168 2787 359 2854 predicatively.
397 2791 447 2838 For
458 2790 501 2839 the
511 2806 597 2839 mean-
647 2791 690 2840 the
709 2791 798 2840 earlier
816 2792 906 2849 «adesse,
916 2792 994 2840 sterni!
1009 2791 1039 2854 by
1055 2807 1100 2840 one
1112 2806 1145 2838 on

28 2873 30 2918 g
94 2851 138 2913 ing
158 2854 189 2902 ci.
214 2869 252 2918 34.
275 2859 501 2921 3n.-quando
525 2858 596 2907 inci·
645 2859 1144 2922 trrirl‚ascottnseloractivesupporter.

28 2929 30 2984 ξ
94 2920 166 2982 pias.
183 2923 257 2971 aoht-n
270 2922 368 2987 yon're
382 2927 463 2988 ,γαίης
477 2932 501 2974 to
516 2925 594 2986 bqre'n,
678 2927 703 2974 6.
723 2926 754 2974 C.
775 2925 958 2975 Cornelium:
981 2924 1092 2975 accosed
1116 2923 1145 2972 oi

28 2987 30 3036 ζ
93 2988 130 3033 ie.
151 3003 225 3038 come
250 2999 277 3039 to
302 2991 346 3039 the
370 2992 463 3054 point;
488 2990 595 3041 indirect
646 3000 749 3041 treason
785 2993 809 3039 in
845 2994 877 3058 65
914 3003 971 3048 tte..
1004 2991 1055 3040 and
1089 3005 1144 3041 suc·

28 3063 30 3122 t
94 3055 222 3114 question.
241 3085 275 3094 -
292 3071 327 3106 ex
372 3058 595 3123 interrogatione
646 3059 767 3124 cessiully
791 3059 920 3108 ‹tete-oded
945 3058 978 3124 by
1002 3060 1144 3108 Cicero.-

28 3123 30 3178 ζ
93 3119 301 3185 eius‚qstcrlris
317 3125 595 3188 inquom—indicit:
647 3127 805 3176 Scaurum:
843 3135 1003 3190 pro-praetor
1036 3125 1066 3174 oi
1100 3125 1144 3173 the

28 3193 31 3244 j:
92 3202 124 3233 sc.
146 3189 232 3246 iudex,
255 3192 292 3238 ιζι.
314 3190 347 3240 he
367 3206 431 3241 even
456 3193 595 3256 interrupta
645 3193 767 3258 province
791 3193 819 3241 oi
848 3192 968 3242 Sardinia
990 3192 1016 3241 in
1042 3205 1072 3258 55
1094 3203 1142 3240 uc.

28 3267 29 3310 j
94 3252 138 3301 the
150 3269 287 3319 argument
300 3257 351 3307 and
367 3258 411 3309 the
423 3259 597 3310 evidence—
647 3259 724 3310 diter
741 3260 781 3310 liis
800 3269 886 3310 return
900 3269 928 3310 to
947 3261 1030 3310 Rome
1047 3260 1080 3309 he
1092 3274 1144 3308 was

28 3337 30 3376 ς
94 3334 168 3371 unus
188 3333 237 3374 aut
257 3325 344 3375 alter:
364 3327 423 3390 οιιΙγ
439 3343 484 3376 om
502 3343 532 3376 or
547 3333 598 3376 troo
646 3327 757 3377 accused
770 3328 798 3375 oi
815 3328 952 3384 extortion.
965 3327 1011 3377 but
1024 3343 1076 3376 was
1089 3341 1144 3376 suc·

28 3399 33 3460 j
93 3385 191 3439 friends
212 3405 256 3441 are
276 3401 387 3456 present,
406 3409 435 3443 as
455 3392 596 3458 compared
646 3394 769 3462 cessiully
783 3393 913 3445 ‹leiended
930 3393 964 3460 by
982 3395 1074 3444 Cicero
1092 3390 1143 3442 and

29 3479 32 3488 =
94 3453 153 3504 with
187 3457 230 3508 the
261 3461 356 3526 throng
384 3459 443 3510 who
472 3460 596 3528 formerly
646 3462 785 3512 others.--
803 3462 951 3521 Milonem.
1003 3459 1142 3519 Bestiam,

28 3533 32 3598 '3
92 3523 218 3584 galbered
240 3526 265 3577 in
287 3527 331 3578 the
350 3537 517 3579 court-mom.
552 3529 593 3579 On
647 3531 809 3581 Vatinium:
822 3530 855 3578 all
864 3526 992 3579 defended
1001 3529 1142 3595 byCicero.

28 3639 30 3644 ,
93 3603 162 3637 nom
173 3595 296 3643 autaerleer
306 3610 350 3644 see
362 3609 385 3658 9.
399 3595 452 3644 6n.
644 3597 896 3660 —irlgtdissimos
930 3611 1054 3660 quoque,
1082 3611 1142 3644 aen

28 3673 33 3734 ᾗ,
127 3669 152 3717 5.
165 3659 403 3720 pariter=simul,
414 3669 454 3711 ‘at
468 3662 593 3712 thesame
644 3664 686 3711 tte
701 3664 809 3716 colunt,-
834 3676 948 3728 quoque
965 3662 991 3712 in
1009 3662 1053 3711 the
1068 3676 1143 3712 senae
