2952 4138
235 267 268 320 ta
591 269 616 316 r.
638 267 817 317 corrosuri
839 267 967 316 rnerrr
1238 269 1326 334 [ιιι

232 461 249 510 4
283 448 319 504 ut
344 437 373 502 si
397 436 559 522 picturam
582 435 726 520 aliquam
751 434 803 500 vel
828 445 973 500 statuam
997 435 1146 501 vidisset.
1206 438 1324 521 Neque

281 547 371 613 hunc
394 564 505 611 meum
531 563 720 610 sermonem
748 543 796 610 sic
820 543 925 628 accipi
951 543 1036 620 volo,
1060 555 1228 630 tamquam
1253 567 1322 623 eos,

280 657 403 744 quibus
419 664 538 720 natura
554 673 615 718 sua
630 651 811 718 oratorium
829 652 1001 737 ingenium
1013 654 1202 737 denegavit,
1217 655 1324 720 deter-

282 787 370 832 ream
396 785 417 830 a
443 762 656 839 carminibus,
683 761 711 827 si
740 764 838 827 modo
863 762 897 827 in
924 764 985 829 hac
1013 765 1199 829 studiorum
1229 778 1323 848 parte

280 875 448 940 oblectare
479 871 584 937 otium
616 880 651 937 ct
683 891 804 935 nomen
841 871 989 936 inserere
1025 883 1166 957 possunt
1202 873 1320 940 lamae.

232 1005 247 1060 s
282 985 356 1069 Ego
382 1003 461 1048 vero
488 1001 622 1046 omnem
651 979 875 1066 eloquentiam
905 1001 1088 1066 omnesque
1112 981 1184 1046 eius
1210 994 1322 1067 partes

279 1103 450 1159 sacraret
475 1089 682 1156 venerabiles
707 1100 799 1174 poto,
825 1111 887 1155 nec
912 1091 1019 1155 solum
1044 1092 1244 1156 cothurnum
1270 1115 1322 1157 ve-

279 1212 385 1268 strum
397 1212 455 1266 aut
472 1199 596 1266 heroici
613 1199 769 1265 carminis
783 1220 911 1276 sonum,
926 1201 984 1264 sed
998 1199 1174 1286 lyricorum
1189 1223 1322 1286 quoque

279 1310 519 1377 iucunditatem
537 1320 569 1374 et
586 1309 758 1394 elegorum
776 1308 928 1374 lascivias
950 1319 983 1374 et
1007 1309 1188 1374 iamborum
1207 1313 1321 1376 antari-

278 1421 428 1486 tudinem
445 1430 479 1484 et
497 1417 772 1503 epigrammatum
791 1419 884 1483 lusus
907 1429 939 1483 et
962 1439 1206 1503 quamcumque
1223 1419 1319 1486 aliam

277 1527 1318 1616 speciemeloquentiahabeat,anteponendamceterisaliarum

227 1653 247 1707 6
277 1638 397 1705 artium
422 1637 549 1718 studiis¹
568 1638 677 1704 credo.
728 1638 796 1702 Sed
820 1648 932 1702 tecum
958 1637 1049 1713 mihi,
1077 1639 1240 1715 Materne,
1267 1660 1320 1704 res

276 1759 339 1825 est,
356 1747 455 1834 quod,
472 1768 549 1813 cum
569 1757 688 1812 natura
708 1757 767 1812 tun
791 1746 824 1811 in
851 1747 955 1831 ipsam
980 1769 1089 1814 arcem
1109 1747 1320 1831 eloquentiae

276 1858 372 1934 ierat,
397 1877 508 1922 errare
532 1856 637 1921 mavis
661 1868 694 1921 et
720 1877 850 1922 somma
874 1857 1056 1940 adepturus
1082 1857 1114 1920 in
1140 1857 1319 1924 levioribus

227 1985 243 2038 7
277 1965 444 2035 subsistis.
492 1965 549 2043 Vt,
571 1963 599 2030 si
624 1964 658 2030 in
684 1964 825 2032 Graecia
849 1976 948 2030 natus
972 1987 1075 2042 esses,
1096 1966 1150 2030 ubi
1177 1968 1319 2034 ludicras

308 2144 334 2191 ⁴·
351 2136 516 2193 tamquam
533 2124 640 2183 herema
649 2125 706 2174 also
717 2125 742 2175 in
755 2126 771 2174 8
822 2126 927 2176 ceteris
940 2127 1060 2177 aliarum
1073 2126 1177 2176 artium
1197 2129 1319 2179 studiis:

275 2194 327 2245 and
343 2207 381 2262 25.
397 2208 417 2251 t,
428 2204 457 2243 to
475 2192 610 2244 introduce
623 2208 641 2243 a
655 2191 771 2242 substan·
823 2192 984 2251 redondaom
1002 2193 1034 2242 tl.
1052 2196 1109 2242 (ir-r.
1128 2210 1141 2254 ,ι
1162 2197 1243 2243 trullis
1258 2199 1320 2244 ollis

276 2262 327 2314 tiva
338 2263 426 2312 clause
437 2261 467 2312 oi
478 2261 585 2312 indiruct
598 2259 737 2310 discoorse.
821 2263 935 2310 olrirrnm
950 2264 1081 2310 relationum
1095 2265 1212 2310 rororlo'e's.

274 2329 630 2396 —parte,ficld.-nomen
644 2329 770 2379 inserere
854 2332 879 2378 ⁶.
898 2338 994 2379 tecum
1006 2329 1075 2379 mihi
1086 2340 1131 2379 est
1142 2345 1198 2388 res,
1208 2330 1246 2379 'ris
1257 2332 1318 2380 roilli

276 2398 389 2449 lamae:
411 2413 428 2447 a
450 2397 575 2447 Tacitean
601 2395 770 2459 express-inm
816 2413 869 2461 yon
877 2398 1035 2462 myqrmrrrl
1043 2397 1202 2461 is.-ipsam
1211 2413 1317 2459 arcem,

274 2465 309 2516 cf.
327 2466 395 2516 llrirt.
414 2464 450 2515 11.
470 2464 500 2516 61
523 2465 634 2514 inserere
651 2479 702 2512 scre
713 2464 770 2529 sor·
820 2465 862 2513 Νι(
873 2480 933 2528 very
945 2465 1187 2524 helgrim-errare
1201 2471 1318 2517 ...sub-

273 2540 357 2583 tanae.
820 2530 913 2581 aistis:
926 2531 1033 2580 'l‘acitus
1041 2530 1177 2580 abandons
1186 2532 1229 2582 the
1237 2534 1318 2596 irgine

307 2614 332 2664 5.
349 2599 562 2665 eloquentiam:
579 2613 624 2648 see
641 2612 664 2658 ⁴·
681 2611 770 2662 3n.-
821 2599 880 2647 with
891 2599 973 2647 which
987 2598 1019 2647 he
1032 2597 1115 2658 began
1129 2599 1153 2647 in
1167 2599 1260 2662 ipsam
1276 2615 1318 2651 ar·

273 2669 464 2719 cothurnum:
499 2665 532 2731 by
555 2674 705 2731 metonymy
727 2665 770 2714 ior
820 2678 893 2716 cem.
915 2666 963 2714 ll'e
973 2664 1068 2714 should
1082 2675 1173 2730 expect
1184 2667 1211 2716 in
1223 2667 1317 2717 inleri-

272 2737 606 2799 tragedeia-vestrum:
622 2734 661 2782 ric.
673 2731 703 2781 oi
716 2733 769 2781 hla-
819 2734 918 2782 oribus
931 2731 1031 2782 instead
1044 2733 1073 2781 oi
1090 2735 1118 2781 ιἰι
1136 2735 1276 2784 lrr'ri‘ribns.
1285 2765 1318 2774 -

273 2812 363 2854 ternus
377 2801 429 2852 and
446 2801 487 2852 hia
502 2800 768 2858 tertona-sonum,
820 2800 993 2866 adepturus:
1009 2801 1068 2850 nith
1078 2803 1317 2863 concessiveloree,

272 2871 337 2938 ΙΨ]
354 2871 439 2920 round
444 2885 456 2929 ,·
473 2869 505 2919 cf.
526 2867 618 2931 Quint.
640 2869 673 2918 X.
696 2881 715 2916 ι.
736 2869 769 2916 (ιἰ·
819 2869 971 2932 edorrghjorr
984 2871 1155 2930 irrigaturum
1165 2888 1175 2928 ,¹
1192 2873 1225 2922 ci.
1234 2889 1258 2938 9.
1269 2887 1281 2936 7
1292 2891 1316 2923 u.

272 2936 769 3002 ronurSnplmclr'rvideturessesulle'mi·
853 2950 877 3000 7.
895 2937 1021 2987 ludicras
1048 2950 1135 2999 artes,
1162 2944 1318 3004 spectacular

272 3021 343 3054 οη-
350 3007 516 3071 elegorum:
533 3006 579 3054 the
590 3005 664 3070 elegy
672 3017 770 3064 among
821 3006 1019 3070 perforationes,
1033 3007 1093 3057 here
1113 3008 1245 3072 including
1262 3011 1317 3060 ath·

273 3072 318 3125 the
336 3073 453 3124 Romans
464 3089 517 3124 tras
534 3072 692 3140 primarilya
708 3071 769 3121 love
820 3072 879 3122 leric
894 3083 1030 3134 contests;
1048 3077 1081 3126 ci.
1096 3079 1156 3127 ¹b'en.
1170 3079 1218 3141 Ep.
1231 3079 1271 3128 88.
1287 3094 1317 3130 ιο

272 3156 357 3204 poem.
387 3141 515 3200 Catullus,
524 3142 652 3199 Tibullus,
664 3143 769 3206 Proper·
819 3142 1002 3193 Irrdr'rraesrrn!
1015 3147 1103 3210 [terres]
1114 3149 1224 3212 prroerrd
1233 3151 1317 3212 volup

272 3207 332 3266 tius,
341 3205 393 3258 and
405 3208 474 3259 ovid
483 3226 549 3262 were
560 3211 595 3261 its
606 3211 675 3260 chiei
688 3225 769 3274 repre·
819 3216 893 3262 turem
906 3214 1034 3262 oculorum
1052 3223 1127 3279 arque
1143 3218 1248 3266 ιιιιιίἰιιιι
1267 3225 1317 3266 ten·

271 3276 606 3340 cenwines-lanciola,
615 3280 709 3332 lanua:
726 3280 769 3330 ior
818 3280 925 3329 durit—
931 3282 1088 3334 honestum
1100 3293 1161 3333 est:
1179 3286 1216 3334 ie.
1227 3293 1317 3349 respec-

273 3341 318 3393 the
342 3344 424 3409 plural
446 3362 491 3396 see
512 3347 536 3398 (a
562 3347 768 3415 5n.-larnbo·
818 3349 881 3398 tolle
898 3348 940 3398 ior
956 3349 1085 3400 free-horn
1105 3353 1211 3401 citizens
1230 3361 1258 3402 to
1275 3368 1317 3402 en·

272 3423 336 3462 rum
343 3413 576 3468 amaritudinem:
588 3416 769 3468 iambicsrrere
818 3433 884 3480 gage
894 3417 919 3466 in
929 3417 993 3466 such
1004 3427 1130 3474 contests,
1142 3419 1223 3468 ulrich
1235 3419 1254 3469 it
1265 3435 1317 3470 was

272 3477 408 3548 originally
424 3497 521 3546 among
540 3485 584 3534 the
605 3484 706 3534 Greeks
723 3484 768 3535 the
819 3494 865 3535 not
877 3493 903 3534 at
918 3485 1050 3535 Rome-
1060 3487 1235 3537 Nicostrati:
1253 3503 1267 3536 ιι
1282 3486 1317 3536 ia·

272 3543 371 3598 vehicla
387 3548 418 3598 el
436 3549 578 3610 lnvectlve3
598 3550 631 3602 ci.
651 3551 716 3601 llor.
735 3553 767 3602 A.
819 3566 895 3602 mous
906 3550 1072 3602 athletewho
1085 3553 1153 3604 lived
1165 3554 1190 3603 in
1205 3554 1248 3604 the
1262 3554 1316 3604 first

272 3613 349 3680 qu
364 3617 548 3668 Archilochum
563 3620 672 3684 proprio
688 3621 769 3670 radies
818 3628 925 3686 century
947 3632 1000 3670 run.
1011 3646 1046 3658 -
1057 3624 1144 3672 robur
1167 3635 1200 3672 ac
1224 3621 1316 3672 vireat

214 3729 218 3738 ,
270 3685 387 3735 arnavu
401 3685 491 3736 invado.
526 3685 557 3736 ln
571 3687 768 3738 Romanlitera·
818 3701 835 3736 a
857 3685 968 3738 lavorire
990 3687 1085 3753 phrase
1108 3689 1137 3739 oi
1160 3689 1267 3740 'l'acitus
1291 3689 1316 3739 ln

272 3758 330 3804 tura
346 3751 391 3804 tha
407 3759 469 3821 type
485 3753 508 3804 lu
525 3753 581 3805 well
601 3753 768 3821 represented
819 3755 864 3805 the
883 3755 1015 3810 Historia,
1027 3771 1070 3813 nr.
1091 3757 1111 3804 i.
1123 3757 1164 3812 87.
1186 3757 1220 3806 ll.
1236 3771 1272 3805 ιι.
1283 3783 1316 3793 -

271 3815 400 3890 byrcam
419 3819 450 3876 oi
472 3821 600 3876 Homoe’a
621 3820 769 3892 epodea—
819 3822 855 3873 ad
876 3835 1023 3890 pugnarn:
1042 3823 1080 3873 e'ae.
1093 3823 1317 3890 hosting-levi·
