2952 4138
177 159 249 218 -ὓ.4]
466 155 654 204 DlALOGVS
681 157 729 204 bn
754 155 999 204 ottn't'otttttt's.
1255 154 1275 205 9
1346 167 1369 196 ⁴.

178 329 269 394 snit?
319 331 395 412 Qua
418 327 589 390 accinctus
614 337 648 388 et
673 325 782 388 minax
808 324 966 388 disertam
991 323 1136 408 quidem,
1161 325 1220 388 scd

180 437 429 501 inexercitatam
448 447 480 499 et
499 434 911 498 eiusmodicertaminum
937 434 1050 496 rudem
1074 432 1220 515 llelvidii

178 545 374 628 sapientiam
393 543 501 608 elusit.
554 545 649 607 l'lura
665 545 707 606 ‹le
725 543 868 605 utilitate
886 563 952 604 non
969 543 1053 616 ilico,
1068 541 1120 606 cni
1135 541 1220 624 parti
1255 556 1272 604 s

179 636 315 718 mininie
332 653 631 716 contradicturum
651 653 839 728 Maternum
859 672 968 713 meum
986 650 1136 714 arbitror.

224 762 279 826 Ad
304 762 509 845 voluptatem
535 760 698 824 oratoriae
723 759 933 842 eloquentiae
957 769 1101 833 transeo,
1128 758 1221 822 cuius
1252 755 1272 822 6

180 871 368 934 iucunditas
386 891 451 932 non
471 891 536 932 uno
552 869 661 952 aliquo
680 879 859 942 momento,
876 869 934 931 sed
952 869 1106 930 omnibus
1120 887 1221 950 prope

178 980 295 1042 diebus
318 1000 356 1042 ac
379 999 481 1061 prope
504 978 658 1041 numibus
684 978 774 1040 boris
799 977 974 1060 contingit.
1025 978 1114 1060 Quid
1132 976 1219 1040 enim
1257 1003 1274 1040 ι

179 1087 309 1152 dulcius
346 1087 450 1150 libero
486 1099 519 1150 et
558 1087 703 1168 ingenuo
739 1087 851 1150 aninro
886 1098 920 1150 et
955 1085 1222 1168 atl'volnptates

179 1198 338 1260 honestas
356 1207 444 1270 nato,
463 1217 559 1278 qnam
587 1197 699 1258 videre
722 1196 853 1278 plenam
871 1216 1002 1278 semper
1019 1206 1051 1258 et
1070 1194 1221 1278 frequen-

179 1318 246 1369 tem
274 1307 408 1368 ‹lorntnn
437 1325 528 1366 sumn
558 1324 721 1367 concursu
752 1304 1094 1386 spl‹.·rnli‹lissimorurn
1119 1302 1221 1366 bomi-

180 1413 283 1477 num?
322 1413 418 1495 itique
452 1413 535 1475 seire
570 1434 634 1475 nun
670 1415 840 1495 pecuniae,
875 1434 941 1476 non
974 1412 1119 1487 orbitati,
1154 1433 1219 1474 nun

178 1522 276 1587 officii
294 1522 433 1584 alieuius
451 1520 740 1594 administrationi,
760 1523 816 1584 seel
839 1521 901 1584 sibi
923 1521 985 1603 ipsi
1004 1520 1097 1585 dari?
1132 1519 1219 1604 ipsos
1257 1543 1273 1594 3

178 1631 257 1715 quin
273 1630 373 1692 inuno
385 1629 484 1690 orbos
495 1641 527 1690 et
543 1629 726 1711 locupletes
740 1641 772 1692 et
787 1641 942 1711 putentes
955 1630 1069 1692 venire
1081 1628 1220 1712 plerum-

178 1762 242 1823 que
259 1739 299 1801 ad
318 1737 470 1800 iuvenem
490 1748 522 1799 et
541 1758 728 1819 pauperem,
748 1751 783 1801 ut
805 1749 860 1801 aut
883 1759 942 1802 sua
963 1747 1019 1801 aut
1039 1737 1219 1801 amicorum

177 1845 368 1911 discrimina
382 1846 639 1908 connnernlent?
676 1845 795 1909 Vllane
814 1859 907 1909 tanta
920 1845 1106 1928 ingentium
1120 1866 1218 1928 opum
1257 1867 1272 1914 4

177 1978 215 2020 ac
245 1975 385 2035 magnae
412 1954 581 2036 potentiae
615 1954 778 2037 voluptas,
804 1976 902 2037 qum
935 1965 1086 2037 spectare
1120 1953 1220 2018 bomi-

178 2087 238 2130 nes
265 2074 395 2126 veteres
425 2076 457 2126 et
488 2085 585 2126 senes
613 2075 645 2126 et
664 2063 767 2127 totius
800 2065 889 2127 orbis
922 2064 1028 2146 gratia
1060 2063 1219 2128 subnixos

178 2177 210 2239 in
226 2193 355 2238 summa
373 2193 479 2236 rernm
495 2172 642 2236 omniurn
657 2174 860 2237 abundantia
874 2175 1074 2238 confitentes
1088 2174 1119 2236 iel
1132 2174 1218 2257 quod
1239 2189 1243 2196 ·

178 2335 248 2383 rious
272 2331 395 2380 informer
416 2330 497 2380 uutler
520 2333 597 2379 Nero.
643 2332 672 2380 ln
725 2332 778 2380 tion
798 2332 826 2380 ol
844 2332 944 2389 Cicero,
962 2350 1005 2392 ng.
1018 2335 1047 2381 de
1061 2333 1219 2396 Offill.4r;
1290 2339 1294 2346 ¹

176 2403 210 2451 66
223 2413 276 2448 nn.
290 2399 322 2447 be
336 2398 431 2447 causeil
445 2399 561 2447 'l'brasea
579 2399 673 2447 l'aetns

178 2480 205 2517 to
218 2467 249 2516 be
262 2477 307 2530 put
327 2475 354 2514 to
372 2465 458 2519 death.
471 2465 522 2514 and
535 2465 673 2514 'l'brasea's

177 2535 326 2586 son-in-law,
351 2532 487 2580 llelsirlius
513 2533 621 2586 l'riscus.
643 2542 671 2580 to

177 2601 209 2650 be
219 2598 351 2648 banisberl.
372 2598 429 2646 'l'be
439 2597 514 2646 latter
524 2613 596 2646 came
605 2597 671 2647 back

176 2669 244 2718 from
268 2665 333 2714 exile
355 2665 436 2714 under
457 2665 549 2719 tlnlba,
570 2665 621 2714 and
646 2666 670 2714 in

177 2749 209 2798 70
224 2746 277 2782 mu.
296 2732 371 2780 maele
390 2732 433 2782 tbe
452 2732 566 2781 fruitless
584 2733 671 2782 attack

178 2817 247 2866 upon
263 2791 525 2849 ‚llarcellns'reierretl
544 2811 571 2848 to
590 2801 614 2850 in
629 2802 672 2850 tbe

178 2879 238 2918 text.
265 2869 401 2916 Marcellus
410 2867 596 2934 subsequently
606 2884 673 2918 com-

177 2937 267 2987 mitted
281 2935 377 2985 snieitle
390 2946 418 2986 to
430 2937 507 2986 aroiil
525 2936 569 2986 tbe
585 2953 673 2987 conse·

177 3024 288 3074 quences
312 3005 341 3054 ol
364 3021 380 3054 a
400 3006 551 3071 conspiracy
571 3006 672 3067 against

178 3075 320 3140 Vespasian
345 3074 368 3123 in
394 3073 476 3122 ubich
501 3073 533 3122 be
557 3073 608 3122 hau
631 3090 672 3122 en-

176 3141 496 3208 gagen-sapientiam.
512 3141 671 3206 philosophy.

179 3210 322 3264 llelvirlins.
348 3210 398 3259 like
429 3208 552 3266 Thrasea.
577 3225 629 3258 was
657 3224 673 3258 a

177 3278 402 3335 Simo-elusit.
423 3279 539 3340 purricd,
563 3292 579 3325 a
605 3275 672 3326 tech-

175 3347 241 3395 nical
259 3345 420 3406 glarliatorial
440 3354 512 3394 term.

208 3411 235 3470 6.
258 3426 314 3462 non
327 3425 385 3462 uno
398 3411 494 3475 aliquo
507 3421 671 3461 momento:

175 3481 212 3530 ie.
237 3490 340 3544 oratory
369 3479 391 3527 is
420 3487 465 3527 not
494 3478 546 3526 like
573 3490 670 3544 penny,

175 3545 256 3596 which
269 3547 340 3609 gives
352 3544 398 3594 but
414 3544 519 3609 passing
537 3545 669 3608 pleasure;

174 3613 207 3662 cl.
219 3627 242 3676 9.
278 3613 349 3660 Vnus
359 3613 463 3676 aliquis.
475 3621 593 3672 stronger
608 3610 670 3660 than

175 3680 220 3730 the
231 3679 323 3743 simple
332 3678 439 3738 arensis
451 3693 467 3727 a
479 3677 589 3728 iavorite
601 3677 671 3727 locu·

723 2400 753 2448 de
765 2401 823 2447 mu.
837 2399 886 2447 lll.
900 2401 939 2460 (u.
972 2401 1000 2448 ln
1014 2401 1219 2462 post-Angustam

724 2467 820 2515 writers
833 2468 851 2515 it
865 2468 886 2515 is
897 2483 958 2515 rare.
967 2495 1000 2504 —
1008 2480 1050 2524 ac.
1060 2467 1117 2516 arrd
1123 2467 1218 2516 indeed.

755 2547 779 2581 π.
799 2533 913 2596 plenam
927 2543 955 2582 et
971 2533 1166 2598 frequentem:
1184 2549 1220 2582 re·

722 2597 846 2647 dunilant.
856 2625 889 2636 —
898 2600 1028 2649 orbitati:
1053 2599 1168 2660 alluding
1191 2608 1219 2648 to

724 2667 767 2716 the
776 2675 878 2716 custom
888 2665 916 2714 ol
925 2665 1082 2728 insinuating
1090 2667 1162 2716 ono's
1170 2665 1220 2716 seli

723 2734 778 2782 into
797 2735 841 2783 the
858 2734 928 2796 good
946 2751 1036 2796 grates
1053 2734 1082 2783 of
1098 2733 1220 2784 cbildless

723 2818 831 2865 persons
843 2801 871 2850 ol
883 2803 975 2851 wealtb
995 2802 1036 2851 lor
1052 2802 1096 2852 the
1108 2816 1219 2867 purpose

723 2869 752 2917 oi
769 2869 914 2932 securinga
932 2870 1093 2936 legam—a
1109 2868 1219 2934 practice

723 2937 841 2987 satiriretl
852 2955 895 3000 qr.
906 2937 939 3004 by
955 2939 1057 2988 llorace
1067 2940 1130 3002 (Sat.
1145 2936 1179 2986 ll.
1194 2937 1217 3002 sl

723 3005 773 3055 and
798 3007 902 3064 ltn'enal
923 3009 985 3068 (Sur.
1007 3020 1043 3056 12.
1061 3007 1219 3072 93430).-

724 3073 777 3124 sibi
798 3075 867 3139 ipsi:
886 3072 1009 3136 referring
1028 3084 1056 3124 to
1073 3075 1118 3123 the
1134 3072 1219 3122 indeli-

723 3143 775 3191 uite
804 3141 904 3207 subject
935 3141 964 3191 oi
979 3140 1218 3192 seireff-officii:

723 3210 1219 3275 berepnhlicrfficq-apost-Augustam

723 3294 797 3326 sense
810 3277 838 3326 oi
853 3278 896 3326 tbe
910 3277 986 3327 word.

754 3360 778 3405 ³·
798 3345 866 3408 quin
877 3345 980 3396 immo:
993 3344 1180 3410 postpositise.
1190 3357 1219 3392 as

721 3411 777 3460 also
791 3415 815 3460 tu
828 3427 867 3476 34.
880 3412 896 3461 6
914 3411 965 3462 and
982 3426 1021 3478 39.
1034 3410 1219 3474 q.-venire:

721 3491 842 3529 construe
855 3479 914 3528 with
928 3479 1010 3530 seire.

753 3563 777 3608 ⁴·
794 3555 908 3595 veteres
916 3555 945 3595 et
953 3560 1049 3604 senes.
1057 3543 1223 3610 experientes!

720 3613 765 3660 old
771 3629 870 3661 men.-
876 3613 968 3663 orbie:
986 3629 1018 3661 st.
1028 3620 1173 3670 terrarum:
1185 3609 1218 3660 ei.

721 3681 784 3742 Agr.
794 3693 826 3745 30
834 3687 947 3742 raptores
955 3679 1093 3730 orbis-ln
1103 3687 1219 3730 summe

1455 687 1466 1238 l
