2952 4138
242 225 276 278 22
593 226 620 276 P.
642 224 822 278 CORNELII
847 224 974 276 TACl‘l'l
1244 219 1292 287 [ta.
1308 233 1336 266 2-

292 396 392 461 nullis
409 405 562 461 contacta
579 395 669 459 vitiis
685 407 821 479 pectora
835 393 964 458 influxit
982 416 989 469 ;
1015 394 1063 458 sic
1080 393 1212 458 oracula
1225 391 1335 477 loque·

242 518 259 571 t
291 505 423 571 bantur.
474 503 560 570 Nam
577 503 726 570 lucrosae
747 503 846 568 huius
867 514 901 569 et
926 501 1159 586 sanguinantis
1180 501 1335 586 eloquen-

291 613 358 679 tiae
375 634 456 678 usus
472 634 589 679 recens
606 622 640 678 et
656 634 698 679 ex
714 613 810 678 malis
826 613 975 678 moribus
999 623 1097 676 natus
1113 623 1224 696 atque,
1244 623 1279 675 ut
1297 622 1333 675 tu

241 747 258 795 t
291 723 435 799 dicebas,
456 720 560 807 Aper,
584 721 617 786 in
642 723 750 788 locum
775 721 835 787 tcli
860 733 1021 806 repertus.
1072 721 1230 785 Ceterum
1256 719 1334 784 felix

291 831 442 908 illudet,
470 841 506 896 ut
532 852 624 896 more
650 841 765 895 nostro
791 830 915 916 loquar,
941 851 1076 895 aureum
1105 830 1272 894 sacculum
1300 841 1333 893 ct

291 951 457 1007 oratorum
486 951 519 1006 et
547 939 722 1006 criminum
752 941 849 1025 inops
878 939 987 1023 poetis
1012 948 1046 1004 et
1073 937 1205 1004 ratibus
1233 939 1334 1003 abun-

291 1051 400 1128 dabat,
418 1050 475 1136 qui
500 1052 585 1116 bene
609 1050 698 1116 facta
722 1060 891 1126 cancrent,
910 1071 977 1114 non
999 1049 1057 1134 qui
1081 1049 1166 1113 ntalo
1189 1047 1335 1113 admissa

243 1178 258 1234 ς
290 1159 521 1224 defenderent.
571 1159 644 1223 Nec
667 1159 743 1223 ullis
759 1167 816 1223 aut
832 1158 938 1242 gloria
959 1158 1062 1222 maior
1082 1169 1139 1221 aut
1161 1157 1335 1240 augustior

290 1269 407 1345 honor,
433 1267 575 1352 primum
602 1268 689 1351 apud
715 1268 806 1344 deos,
832 1269 972 1352 quorum
998 1267 1147 1350 prolerre
1173 1286 1334 1350 responsa

290 1388 323 1442 et
352 1377 518 1442 interesse
544 1377 652 1462 epulis
680 1376 884 1452 ferebantur,
911 1377 1032 1441 deinde
1057 1377 1144 1459 apud
1172 1375 1244 1440 illos
1270 1375 1334 1439 diis

215 1488 217 1492 ’
291 1486 424 1570 genitos
435 1506 612 1569 sacrosque
623 1507 731 1568 reges,
743 1485 829 1550 inter
842 1507 926 1569 quos
940 1485 1105 1550 neminem
1118 1484 1332 1560 causidicum,

290 1595 349 1660 sed
374 1593 510 1678 Orphea
535 1606 568 1659 et
598 1594 719 1659 Linum
744 1615 792 1670 ac,
819 1593 847 1658 si
874 1594 1092 1678 introspicere
1116 1593 1216 1658 altius
1240 1593 1332 1669 velis,

239 1709 259 1763 6
291 1701 398 1786 ipsum
427 1701 619 1786 Apollinem
647 1703 848 1786 accepimus.
911 1702 974 1767 Vel
1008 1703 1036 1766 si
1069 1705 1150 1767 haec
1183 1702 1335 1767 fabulosa

290 1809 390 1876 nimis
406 1823 440 1876 et
457 1811 642 1895 composita
658 1811 824 1887 videntur,
843 1811 923 1876 illud
942 1823 1034 1878 certe
1057 1811 1138 1876 mihi
1158 1812 1332 1888 concedes,

291 1918 395 2006 Aper,
408 1940 473 1984 non
485 1919 647 1986 minorem
661 1920 821 1986 honorem
837 1921 986 1986 Homero
998 1943 1096 2005 quam
1114 1920 1334 1985 Demostheni

287 2031 375 2114 apud
392 2039 553 2114 posteros,
573 2051 634 2096 nec
650 2029 901 2113 angustioribus
923 2029 1076 2094 terminis
1097 2031 1218 2094 famam
1242 2030 1334 2094 linri-

288 2138 374 2222 pidis
390 2149 447 2203 aut
466 2138 641 2222 Sophoclis
658 2161 756 2222 quam
777 2139 898 2225 Lysiae
915 2151 971 2203 aut
998 2139 1180 2224 Hyperidis
1198 2138 1332 2204 includi.

287 2344 601 2411 looselytopoeticform.
626 2345 783 2395 llatemus's
867 2359 891 2408 5.
916 2346 1058 2396 interesse
1077 2347 1184 2409 epulis:
1206 2361 1241 2393 no
1258 2346 1335 2395 other

286 2411 361 2476 point
384 2412 406 2461 is
429 2412 485 2462 that
513 2412 676 2476 eloquentia
700 2411 782 2473 logan
834 2413 936 2462 ancient
949 2413 1032 2461 writer
1046 2413 1147 2461 allodes
1165 2422 1192 2461 to
1208 2427 1258 2477 any
1269 2413 1332 2461 such

286 2477 348 2528 with
371 2487 477 2544 poetry;
505 2479 605 2528 habitu
629 2479 680 2527 and
704 2479 782 2530 cultu
833 2479 990 2528 association
1010 2478 1040 2527 of
1056 2479 1124 2542 gotis
1142 2478 1193 2527 and
1212 2487 1334 2542 poem.-

211 2601 220 2616 ·
286 2560 330 2595 are
347 2544 459 2595 ablative
477 2545 506 2594 of
523 2546 621 2624 quality
638 2545 784 2612 modifying
834 2546 909 2596 inter
920 2561 1003 2611 quos,
1011 2547 1147 2594 assa-iata!
1156 2547 1217 2594 raith
1228 2547 1331 2602 adom:

287 2611 332 2662 the
348 2611 458 2662 omitted
476 2611 544 2678 subj.
557 2611 587 2662 of
604 2613 724 2671 influxit,
736 2614 783 2662 elo·
833 2614 927 2680 supply
934 2615 1026 2678 saissa.
1062 2613 1170 2662 'l'acitus
1181 2612 1332 2662 sometimes
1344 2620 1349 2630 ’

286 2681 398 2744 quentia,
410 2679 492 2729 which
506 2678 527 2729 is
540 2679 601 2730 here
616 2679 781 2744 personified.
832 2681 911 2730 omits
930 2680 973 2730 the
991 2679 1036 2730 inl.
1050 2680 1110 2729 with
1128 2682 1239 2742 accipere
1256 2679 1330 2729 when

286 2747 472 2796 -contmods
482 2746 662 2806 mortalibus,
672 2749 701 2795 in
709 2748 782 2796 kind·
834 2746 897 2796 used
911 2748 936 2796 in
955 2747 1007 2796 this
1019 2763 1111 2803 sense:
1132 2747 1165 2796 cf.
1178 2761 1217 2806 40.
1231 2761 1246 2810 3
1258 2763 1331 2810 qiam

286 2827 343 2860 nest
353 2820 378 2861 to
389 2813 495 2861 mortals
502 2827 513 2870 ,¹
531 2811 564 2861 cf
575 2813 639 2878 Livy
654 2812 781 2862 XXXIV.
831 2817 898 2863 anim
934 2821 1056 2862 oratorem
1093 2815 1328 2870 Lacedaemonium,

285 2878 782 3008 {astitisti‘tttttltltt
832 2881 1331 3012 titt„ii-33:335:„illl-ltilslt,

285 3027 331 3061 nce
346 3011 416 3060 attis.
452 3013 489 3060 So
506 3011 564 3061 also
582 3011 686 3075 28.9et
702 3013 783 3061 ortilis
833 3012 894 3062 here
914 3011 966 3062 and
984 3011 1096 3077 perhaps
1117 3026 1153 3078 ¹5·
1175 3026 1183 3060 r
1202 3014 1328 3061 rra-orincm

284 3079 459 3142 pravitatibus
480 3078 597 3137 detorta,·
620 3079 684 3142 Agr.
708 3078 739 3129 16
759 3086 784 3128 et
832 3085 964 3129 oratorem.
999 3080 1057 3129 The
1069 3095 1139 3128 same
1153 3095 1197 3128 use
1210 3078 1231 3128 is
1246 3078 1330 3128 found

285 3145 369 3193 nullis
386 3143 483 3194 delictis
502 3145 721 3197 invitas—sie:
744 3147 782 3196 ia.
833 3161 849 3196 a
868 3146 918 3196 few
941 3147 1016 3197 times
1039 3148 1096 3197 also
1119 3147 1143 3195 iu
1169 3147 1270 3205 Cicero,
1287 3163 1331 3210 ag.

285 3209 312 3260 in
329 3209 416 3276 poetic
431 3210 508 3260 form.
835 3213 895 3263 Nat.
909 3215 943 3263 0.
960 3215 995 3263 11.
1012 3215 1041 3263 81
1063 3231 1137 3263 orento
1152 3215 1238 3278 opifex
1251 3215 1332 3277 possit

317 3290 344 3340 3.
366 3276 471 3328 huiusi
491 3277 521 3327 of
538 3277 583 3328 the
602 3286 707 3343 present
724 3278 782 3346 day.
832 3281 951 3344 consequi
968 3280 1273 3331 imitanda-Linum
1297 3295 1330 3330 an

284 3343 540 3409 -unguinantiss
569 3343 630 3394 with
652 3343 783 3396 reference
833 3347 903 3412 early
914 3345 977 3396 hard
989 3355 1036 3412 put
1049 3357 1077 3397 to
1089 3346 1168 3398 death
1181 3347 1214 3412 by
1227 3347 1332 3411 Apollo,

285 3409 368 3462 totite
380 3409 477 3478 bloody
488 3409 559 3461 worlt
573 3409 603 3460 of
620 3411 665 3462 the
678 3410 784 3463 inform·
833 3413 894 3463 with
912 3413 998 3464 whom
1019 3413 1052 3464 he
1073 3412 1123 3464 had
1145 3413 1283 3479 presumed
1305 3423 1333 3464 to

284 3492 334 3530 ers.
363 3475 500 3528 'l‘lteword
511 3491 604 3529 occurs
615 3478 783 3546 onlylterein
834 3495 934 3546 snaage
956 3480 982 3530 in
1006 3497 1022 3530 a
1044 3489 1147 3532 contest
1170 3481 1200 3530 of
1224 3481 1332 3531 musical

285 3544 338 3596 this
354 3553 517 3598 sena-ut
534 3554 566 3596 tu
583 3546 718 3598 dicebas:
740 3561 785 3598 see
834 3548 1048 3599 sitiit-altius:
1063 3547 1172 3614 literally
1184 3549 1282 3610 hepher,
1295 3549 1332 3597 te.

286 3611 345 3679 56.
827 3614 1332 3682 sartherback.-ipsurnApollinem:

216 3727 219 3734 ,
317 3694 344 3742 4.
367 3649 573 3738 “terminat
594 3697 627 3760 on
651 3680 787 3732 theatin
835 3681 951 3760 possibly
967 3683 1084 3746 alluding
1105 3692 1132 3732 to
1154 3681 1274 3744 Apollo's
1294 3696 1334 3731 so·

284 3745 375 3806 hauh·
396 3745 461 3798 used
477 3743 673 3814 sdvemaunly.
834 3764 913 3815 Joum
925 3757 953 3799 at
964 3749 1009 3800 tlte
1021 3758 1095 3800 court
1107 3748 1137 3799 of
1147 3748 1285 3799 Admetus
