2952 4138
258 198 295 252 4ο
517 201 521 212 ·
612 201 638 250 n
659 199 839 250 conamur
864 198 992 250 raeiri
1267 191 1356 252 [ena

310 387 442 454 quoque
456 367 594 434 Calvum
609 367 815 432 intellexisse
827 366 906 452 quid
921 365 1040 431 melius
1053 375 1153 440 esset,
1169 384 1231 428 nec
1243 361 1355 426 volun-

309 487 413 542 tatem
439 476 481 551 ei,
508 497 574 561 quo
596 475 706 540 minus
731 475 907 540 sublimius
931 485 964 538 et
989 473 1112 540 cultius
1136 473 1273 546 diceret,
1297 471 1354 534 sed

276 609 291 657 7
310 585 479 670 ingenium
497 605 536 649 ac
552 583 641 648 vires
657 583 817 648 defuisse.
867 583 982 668 Quid?
1032 582 1082 646 Ex
1100 579 1266 646 Caelianis
1286 599 1354 642 ora·

308 695 456 759 tionibus
474 713 595 778 nempe
617 713 676 758 eae
698 693 840 778 placent,
859 693 930 756 sive
953 690 1127 756 universae
1149 688 1218 752 sive
1243 697 1354 772 partes

308 825 432 879 earum,
452 803 485 868 in
503 803 625 888 quibus
642 801 783 868 nitorem
805 813 838 867 et
858 802 1070 867 altitudinem
1092 803 1208 866 horum
1230 810 1355 883 tempo-

273 921 381 978 8rum
408 912 655 997 adgnoscimus.
662 901 703 1004 s
719 913 843 978 Sordes
871 922 982 976 autem
1013 910 1088 975 illae
1116 911 1291 974 verborum
1321 919 1354 973 et

308 1022 405 1086 hians
426 1021 625 1104 compositio
649 1031 683 1085 et
708 1021 869 1086 inconditi
894 1041 1014 1085 sensus
1040 1019 1189 1084 redolent
1214 1019 1355 1103 antiqui·

274 1140 441 1207 otatem;
481 1150 543 1195 nec
578 1149 777 1214 quemquam
814 1131 897 1194 adeo
931 1128 1155 1213 antiquarium
1196 1139 1277 1211 puto
1319 1139 1353 1192 ut

262 1259 292 1298 ιο
309 1238 460 1304 Caelium
484 1260 525 1303 ex
549 1258 589 1302 ea
617 1249 710 1322 parte
740 1238 852 1302 laudet
878 1259 944 1322 qua
966 1237 1125 1321 antiquus
1150 1248 1212 1302 est.
1270 1239 1355 1301 Con·

309 1349 469 1414 cedamus
500 1367 581 1412 sane
614 1347 652 1412 C.
683 1347 817 1413 Caesari
851 1358 886 1411 ut
914 1357 1057 1430 propter
1088 1346 1353 1429 magnitudinem

310 1457 552 1540 cogitationum
569 1467 604 1521 et
620 1456 857 1540 occupationes
870 1477 978 1521 rerum
994 1455 1103 1520 minus
1118 1455 1355 1539 ineloquentia

310 1565 461 1631 effecerit
484 1586 583 1649 quam
605 1565 754 1630 divinum
778 1565 850 1629 eins
874 1564 1043 1648 ingenium
1067 1563 1267 1648 postulabat,
1285 1574 1354 1628 tam

311 1673 424 1739 hercle
455 1694 553 1758 quam
588 1675 729 1738 Brutum
763 1673 993 1757 philosophiae
1021 1695 1100 1737 suae
1130 1673 1355 1757 relinquamus

283 1754 402 1868 ⁸(nam
435 1781 468 1845 in
501 1781 708 1846 orationibus
741 1782 903 1846 minorem
936 1802 1012 1846 esse
1043 1781 1131 1846 lama
1163 1803 1222 1845 sna
1254 1781 1354 1845 etiam

261 1908 288 1946 ιι
308 1886 526 1952 admiratores
557 1888 630 1952 eius
662 1888 849 1970 latenturlz
884 1888 948 1952 nisi
978 1889 1064 1951 iorte
1096 1889 1270 1971 qnisquam
1297 1899 1353 1952 aut

311 1995 465 2063 Caesaris
494 2017 554 2081 pro
584 1995 696 2062 Decio
719 1996 871 2063 Samnite
899 2008 955 2061 aut
988 1997 1079 2061 lhnti
1109 2017 1168 2079 pro
1196 1997 1355 2061 Deiotaro

309 2127 388 2192 rege
410 2117 608 2192 ceterosque
629 2105 779 2171 eiusdem
805 2105 1016 2171 lentitudinis
1041 2128 1079 2171 ac
1104 2106 1228 2190 teporis
1254 2106 1355 2172 lihros

260 2233 290 2274 ra
308 2215 401 2301 legit,
420 2214 484 2279 nisi
504 2214 561 2300 qui
581 2226 615 2280 et
636 2214 782 2279 carmina
802 2217 983 2280 eorundem
1007 2215 1145 2280 miratur
1162 2237 1169 2292 ;
1202 2217 1353 2280 lecerunt

309 2323 396 2389 enim
430 2334 463 2388 ct
495 2323 643 2388 carmina
671 2333 704 2388 et
735 2323 767 2388 in
798 2323 1017 2389 bibliothecas
1046 2325 1258 2400 rettulerunt,
1289 2346 1354 2389 non

340 2501 365 2550 6.
384 2514 442 2564 quo
457 2499 564 2554 minus:
579 2507 607 2550 to
619 2497 651 2550 be
663 2498 806 2550 connected
892 2513 930 2549 ιο.
955 2499 1175 2564 cogitationum,
1202 2500 1356 2565 projecta-

307 2566 368 2616 with
386 2567 431 2616 the
446 2566 539 2617 notion
556 2565 585 2616 oi
602 2567 755 2632 prevention
772 2567 807 2616 in·
857 2581 970 2618 rerum:
991 2583 1028 2626 sc.
1040 2568 1212 2632 prrblr'carum.
1224 2569 1315 2632 affirr'rs
1330 2572 1359 2631 qs

307 2634 403 2684 volved
419 2634 444 2684 in
462 2633 642 2685 voluntatem
661 2634 806 2685 doluisse:
856 2635 1072 2685 stota-minus
1093 2671 1099 2682 .
1118 2670 1124 2682 .
1143 2670 1149 2682 .
1171 2635 1355 2700 postulabat:

306 2701 392 2751 ‘That
407 2715 442 2750 no
457 2700 515 2750 lack
531 2700 561 2750 oi
577 2700 647 2764 good
663 2702 806 2751 intentione
856 2701 889 2750 cl.
903 2701 993 2764 Quint.
1007 2703 1039 2750 Χ.
1054 2717 1073 2750 r.
1090 2716 1134 2763 ¹¹4
1150 2704 1357 2752 caemcntum

306 2767 448 2833 prevented
469 2767 510 2817 his
530 2767 673 2832 speaking‚’
688 2777 752 2828 etc.;
773 2767 805 2816 ci.
856 2770 880 2816 sr'
888 2769 951 2834 soro
967 2776 1066 2817 taratrum
1086 2778 1202 2826 calcasset,
1220 2785 1270 2818 non
1287 2771 1356 2818 olins

307 2837 480 2900 &patiant
499 2851 548 2900 quo
564 2837 658 2884 minus.
694 2837 737 2885 On
757 2851 807 2900 quo
855 2852 888 2885 ex
906 2837 999 2884 nostris
1014 2844 1101 2886 caretro
1117 2838 1258 2886 Ciceronem
1278 2838 1356 2885 rromr'·

307 2903 396 2950 uinus
407 2901 449 2951 ior
461 2902 525 2966 quin
537 2917 581 2951 see
594 2915 617 2967 3.
634 2915 679 2950 tn.
858 2909 1012 2951 noretrrr.—
1021 2904 1161 2953 Brutum:
1180 2919 1223 2951 see
1237 2917 1272 2964 ¹7·
1286 2917 1294 2951 t
1308 2919 1332 2952 n.

339 2981 364 3033 7.
384 2967 546 3019 Caelianis:
564 2967 609 3018 the
621 2967 727 3019 Caelius
739 2983 807 3019 men·
892 2983 931 3019 rr.
947 2969 1003 3019 nisi
1017 2969 1089 3020 lorte
1102 2969 1256 3034 quisquam
1268 2970 1355 3034 legit:

307 3035 397 3086 tioned
409 3036 434 3086 in
450 3048 487 3100 ¹7·
503 3049 523 3086 l.
856 3037 1005 3102 equivalent
1022 3046 1050 3087 to
1071 3054 1143 3086 nemo
1163 3039 1230 3086 eru'm
1252 3038 1354 3100 lagia-—

339 3107 365 3154 8.
391 3104 467 3164 iliae.
502 3104 560 3153 that
591 3104 807 3154 well-known.-
857 3119 909 3170 pro
922 3104 1019 3168 ¹Decio
1039 3107 1181 3156 Samnite:
1205 3105 1316 3169 nothing
1334 3105 1355 3154 is

306 3171 391 3221 hians
414 3172 590 3236 compositio
613 3180 642 3221 et
668 3172 806 3221 inconditl
857 3171 951 3221 known
978 3172 1007 3221 oi
1036 3173 1088 3223 this
1117 3173 1354 3238 speech—Bruti

286 3251 422 3298 -oensus,
446 3238 583 3303 dt'sjor'nted
605 3246 733 3287 structure
753 3239 810 3287 arrd
858 3254 909 3304 pro
929 3239 1083 3290 Deiotaro:
1109 3241 1204 3291 Brutus
1225 3240 1354 3290 defended

305 3306 405 3370 cluusy
411 3305 523 3369 periods.
561 3305 612 3356 For
623 3322 711 3354 sensns
722 3306 756 3356 ci.
767 3319 805 3355 20.
858 3306 998 3356 Deiotarus
1011 3307 1101 3358 heiore
1110 3309 1208 3359 Caesar
1220 3318 1247 3358 at
1258 3309 1355 3358 Nicaea

307 3372 757 3439 5n-ree01entantiquiorem
774 3389 806 3424 so
857 3373 882 3424 ln
901 3388 931 3435 ⁴7
951 3374 1232 3427 n.c.-lentltudinis
1256 3389 1290 3426 nc
1314 3385 1355 3426 te-

305 3439 430 3489 alsoCie.
445 3440 521 3489 Brut.
534 3439 574 3490 82.
857 3441 951 3506 poris:
980 3443 1042 3508 only
1069 3443 1130 3492 here
1158 3457 1188 3492 as
1217 3443 1354 3492 rhetorical

338 3519 364 3569 9.
385 3505 597 3572 antiquariumr
615 3505 671 3556 first
682 3505 766 3556 lound
779 3506 804 3556 in
856 3508 1045 3558 terma-nisi
1062 3509 1355 3573 quietantiarum

306 3571 352 3624 the
362 3573 490 3638 Dialogus
500 3571 553 3624 and
566 3571 630 3624 used
645 3571 805 3625 indifferent
855 3575 919 3624 who.

184 3679 199 3708 .'
305 3655 414 3702 senam
431 3639 501 3700 bete,
514 3639 719 3707 old-sardiana,⁸
737 3653 804 3707 374
890 3655 929 3693 xa.
948 3641 1152 3694 bibliothecam
1169 3642 1269 3708 private
1281 3642 1354 3692 libra·

220 3769 223 3778 .
304 3708 804 3776 anaguarynaqadns'rermkeposr.
856 3708 906 3762 ries
923 3724 967 3761 are
986 3719 1081 3761 meant.
1116 3709 1173 3762 The
1192 3709 1248 3762 first
1267 3709 1354 3778 public
