2952 4138
600 179 627 229 Ρ.
645 176 825 228 CORNELII
847 175 974 226 'l'hCl'l'l

1259 172 1292 240 [³-
1305 187 1333 234 s·

291 351 361 434 ipse
381 351 552 433 negotium
577 349 803 432 importasseS,
822 358 859 411 ut
885 347 1070 412 Domitium
1097 357 1130 410 et
1156 347 1329 421 Catonem,

290 459 322 523 id
350 468 402 524 est
431 469 562 522 nostras
589 477 721 543 quoque
749 455 906 520 historias
937 466 971 518 et
1004 455 1157 519 Romana
1185 454 1329 529 nomina,

290 566 528 632 Graeculorum
546 564 668 629 labulis
684 563 905 648 adgregares.'

238 674 259 740 ⁴l
335 676 379 740 Et
409 675 585 739 Maternus
615 674 849 737 ‘l’erturbarer
876 673 938 737 hac
966 685 1024 736 tua
1052 673 1239 746 severitate,
1266 671 1330 735 nisi

289 785 447 868 frequens
464 791 498 846 et
514 781 653 846 adsidua
677 782 773 844 nobis
797 782 971 846 contentio
996 781 1059 844 ianr
1084 801 1187 862 prope
1205 779 1237 842 iu
1255 801 1331 844 cou-

238 913 254 950 ι
289 889 500 955 suetudinem
518 889 684 954 vertisset.
735 890 821 952 riam
843 909 905 954 nec
929 899 965 952 tu
990 889 1116 970 agitare
1140 898 1174 951 et
1200 887 1330 971 insequi

203 986 205 988 ¹
288 1009 405 1083 poetas
429 997 634 1074 intermittis,
658 1007 692 1060 et
716 1017 789 1079 ego,
812 997 864 1061 cui
889 996 1049 1061 desidiam
1074 995 1329 1060 advocationum

288 1105 404 1183 obicis,
421 1105 641 1172 cottidianum
658 1104 721 1170 hoc
739 1103 958 1188 patrocinium
976 1103 1206 1168 ‹leleudeudae
1219 1105 1330 1167 adrer-

237 1237 255 1290 3
288 1237 346 1280 sus
373 1226 408 1280 te
436 1213 586 1299 poeticae
610 1235 758 1279 exerceo.

818 1214 895 1298 Quo
919 1213 1024 1277 laetor
1049 1212 1155 1295 magis
1181 1213 1329 1276 oblatum

289 1321 568 1400 nobis'iudicem,
598 1322 655 1408 qui
687 1344 740 1387 me
770 1323 819 1386 vel
850 1323 882 1386 in
911 1323 1060 1386 futurum
1090 1332 1181 1385 vetet
1215 1343 1330 1385 versus

288 1433 398 1498 lacere
413 1432 475 1508 vel,
489 1431 655 1516 quodiam
669 1430 796 1515 pridem
809 1444 899 1514 opto,
914 1453 974 1494 sua
987 1452 1119 1514 (proque
1132 1431 1332 1494 auctoritate

288 1541 473 1624 compellat,
493 1551 528 1604 ut
545 1539 678 1604 omissis
696 1539 878 1604 sorensium
904 1561 1076 1605 causarum
1102 1539 1278 1623 augustiis,
1296 1540 1330 1602 in

287 1650 407 1734 quibus
434 1650 516 1714 mihi
544 1649 626 1714 satis
659 1670 824 1733 superque
853 1650 1007 1713 sudatum
1037 1659 1098 1724 est,
1129 1647 1329 1712 sanctiorem

287 1759 373 1825 illam
391 1769 424 1824 et
442 1757 669 1842 augustiorem
686 1757 911 1842 eloquentiam
928 1756 1055 1823 colam!

239 1875 258 1942 ὅ
336 1870 429 1951 ‘Ego
445 1865 543 1932 vero'
569 1868 676 1951 inquit
695 1868 880 1943 Secundus,
901 1879 1098 1952 ‘autequam
1117 1890 1170 1931 rue
1189 1868 1330 1932 iudicem

288 1976 382 2060 Aper
405 1986 547 2053 rccuset,
571 1975 701 2053 luciam,
727 1975 814 2062 quod
840 1976 934 2060 probi
958 1987 992 2040 et
1018 1977 1180 2041 moderati
1207 1977 1331 2042 iudices

287 2087 407 2161 solent,
433 2096 469 2148 ut
496 2085 528 2148 in
554 2084 595 2148 iis
619 2085 867 2166 cognitionibus
892 2107 928 2148 se
953 2096 1125 2162 excusent,
1152 2085 1184 2148 in
1210 2087 1331 2168 quibus

289 2227 461 2278 Domitium:
479 2225 604 2292 probably
615 2228 641 2276 1„
652 2226 783 2276 llomltius

288 2293 486 2348 Ahenobarbus.
498 2294 589 2343 consul
609 2307 639 2360 54
656 2305 704 2342 uc.
742 2295 783 2342 lle

287 2377 339 2411 nas
354 2361 420 2411 later
436 2377 452 2410 a
465 2360 587 2424 vigorous
604 2370 738 2426 opponent
755 2361 785 2410 ol

287 2429 371 2490 julius
395 2429 500 2485 Caesar,
519 2427 571 2478 and
595 2427 639 2477 reu
659 2437 686 2478 at
710 2428 784 2477 i’bar-

286 2497 365 2546 salus.
401 2495 431 2546 ln
445 2494 489 2545 the
501 2495 564 2544 time
575 2494 605 2544 ol
622 2493 667 2545 the
681 2495 784 2560 ilmplre

287 2563 320 2613 he
342 2579 394 2613 nas
417 2560 542 2627 regarded
564 2578 594 2612 as
616 2578 667 2612 one
687 2560 717 2611 ol
740 2563 784 2611 the

285 2630 389 2681 noblest
412 2629 565 2695 champious
588 2628 617 2680 oi
645 2629 784 2696 liberty-

287 2699 511 2750 Graeculorumr
552 2697 596 2748 the
630 2697 783 2747 diminutive

285 2781 368 2817 conve
410 2773 551 2831 contempt.

319 2831 346 2892 ll.
378 2848 502 2900 requene
521 2840 550 2884 et
569 2833 708 2885 adsidua:
727 2851 782 2900 syu-

285 2917 386 2968 onytns.
427 2901 469 2951 Cf.
493 2915 513 2951 t.
535 2915 549 2962 q
568 2917 592 2950 n.
613 2903 735 2950 mrnrurrir
760 2909 785 2950 ct

286 2970 454 3020 recordatione
459 2983 471 3028 ,¹
500 2984 531 3017 so
559 2969 615 3018 also
643 2970 741 3030 usitare
761 2975 786 3017 ct

286 3037 387 3102 insequi
397 3035 422 3087 in
435 3036 480 3087 the
496 3035 631 3097 following
648 3036 783 3086 lino-in

286 3104 526 3155 consuetudinem
560 3104 716 3154 vertisset:
750 3103 782 3153 cl.

287 3172 353 3222 llisr.
370 3171 416 3222 lV.
429 3185 459 3234 27
477 3171 547 3238 quod
563 3178 618 3221 tune
638 3172 667 3220 ἐκ
687 3188 781 3221 urorum

285 3246 402 3290 verterat.

318 3319 344 3357 a.
375 3307 519 3358 desidiam
549 3306 781 3364 advocationum,

286 3375 380 3438 negdect
390 3375 423 3440 os
432 3375 544 3425 edelard.
579 3374 637 3425 The
650 3391 708 3439 gen.
721 3375 780 3424 with

285 3443 380 3493 destun
392 3457 485 3494 occure
495 3443 558 3509 only
564 3441 634 3493 here.
658 3443 716 3492 The
724 3457 782 3492 con-

285 3510 413 3560 struction
439 3510 462 3562 is
487 3511 640 3577 apparently
661 3509 781 3560 modeled

285 3577 353 3627 atter
362 3577 428 3628 such
438 3576 604 3642 ,expressions
615 3593 644 3627 aa
657 3578 782 3638 neglegen-

285 3645 489 3694 tr'aelr'cuiurrei.
510 3645 780 3695 (inadvoeationum

285 3723 420 3762 seer-en.
443 3711 628 3762 Aeadvocatus
638 3711 665 3762 in
678 3711 723 3761 the
735 3711 781 3760 sit·

834 2242 879 2276 uer
888 2229 945 2290 rige
957 2225 1008 2275 bad
1021 2226 1143 2291 :required
1156 2227 1200 2276 tlre
1210 2227 1333 2292 meaning

813 2329 823 2349 .
834 2293 863 2342 ol
876 2303 1010 2358 patronus.
1023 2311 1054 2342 so
1069 2295 1198 2342 ‹rdruuuu'u
1216 2295 1280 2343 toolt
1297 2311 1330 2343 on

835 2361 878 2410 tho
899 2377 975 2410 sense
995 2361 1024 2409 ol
1048 2364 1332 2424 patrocinium-de·

836 2428 995 2478 tendendae
1015 2429 1164 2493 poeticae:
1185 2429 1333 2492 explaining

835 2497 1017 2559 patrocinium,
1034 2496 1127 2545 -the
1157 2495 1331 2560 appositional

834 2563 964 2626 genitive:
982 2565 1027 2610 tir.
1042 2563 1128 2628 aras.
1343 2569 1345 2572 '

867 2643 891 2692 3.
917 2629 1057 2682 iudicem:
1080 2632 1127 2680 νὴ.
1147 2629 1333 2680 Secundus.—

835 2696 905 2747 rnihi
914 2698 1048 2749 sudatum
1060 2708 1115 2748 est:
1128 2698 1180 2747 dat.
1191 2698 1220 2747 ol
1227 2715 1332 2766 ageucy.

833 2765 948 2816 —satis
965 2781 1108 2831 superque
1124 2767 1280 2817 sudatum:
1300 2767 1332 2817 al·

834 2833 970 2883 literatlon.
1007 2837 1056 2883 Sue
1070 2848 1091 2883 a.
1108 2848 1115 2882 r
1132 2836 1332 2885 n.-sanctio·

836 2915 895 2951 rem
924 2901 1138 2966 eloquentiam:
1169 2904 1207 2950 iu.
1234 2913 1332 2969 poetry.

836 2969 1028 3033 (ineloquentia
1041 2968 1067 3018 iu
1082 2968 1125 3018 tbe
1140 2969 1244 3032 general
1257 2986 1332 3020 sense

834 3033 864 3084 ol
874 3037 982 3102 le‘tcrury
993 3038 1139 3100 exprrsre'uu
1152 3036 1184 3086 el.
1201 3051 1237 3087 to.
1254 3048 1273 3102 5.

867 3099 894 3160 5.
914 3113 1069 3170 antequam
1089 3113 1221 3155 recuset:
1245 3105 1333 3172 imply·

833 3171 878 3234 ing
894 3187 1015 3236 purpose,
1034 3172 1181 3238 equivaleut
1199 3181 1227 3221 to
1245 3189 1276 3222 uc
1296 3191 1333 3224 rc·

832 3245 905 3297 cresci,
935 3240 1017 3290 hence
1047 3239 1092 3290 tlte
1120 3239 1217 3304 subjx.;
1248 3240 1331 3307 ltoby,

833 3306 890 3356 Lar.
911 3308 999 3357 Grum.
1021 3306 1170 3370 1672.-ut
1192 3323 1223 3358 se
1245 3323 1332 3359 excu-

834 3384 916 3425 sent:
933 3376 1103 3442 explanatory
1114 3374 1144 3425 ot
1155 3377 1239 3441 quod.
1274 3376 1332 3426 'she

833 3443 982 3505 expression
1006 3443 1028 3494 is
1048 3459 1065 3494 a
1086 3443 1211 3494 technical
1232 3459 1284 3496 one
1304 3445 1330 3494 in

833 3508 938 3572 judicial
966 3511 1116 3575 procedure.
1163 3511 1223 3578 Any
1251 3509 1332 3577 judge

832 3575 929 3642 having
951 3593 967 3627 a
989 3576 1175 3643 preconceived
1202 3579 1331 3644 partiality

831 3643 875 3692 lor
885 3644 970 3694 either
981 3655 1055 3710 party
1068 3643 1092 3692 ln
1105 3661 1121 3694 a
1138 3644 1189 3694 suit
1202 3659 1254 3692 was
1270 3644 1330 3692 held

832 3710 858 3760 in
886 3709 951 3777 duty
973 3709 1063 3760 mund
1089 3718 1118 3760 to
1141 3708 1273 3759 withdraw
1297 3715 1332 3770 (se
