2952 4138
274 87 346 150 xxiv
487 101 491 110 ·
648 105 946 156 mauouucusou.

398 271 555 333 instanees
570 273 621 333 the
637 291 833 334 neweomers
848 292 1001 352 expressa
1013 273 1079 334 isar
1089 273 1123 335 of
1137 273 1316 352 intending:

397 373 484 432 Dial.
495 395 506 432 .·
526 393 597 432 uum
610 383 724 450 porum
746 375 930 458 tempestivus
950 375 1050 434 inueni
1057 377 1071 432 t
1104 374 1140 433 de
1163 377 1216 436 Or.
1226 397 1237 434 .·
1257 376 1319 433 uisi

392 473 478 548 sorte
490 473 602 532 molesti
613 474 827 534 intervenimus.

438 569 473 650 4)
494 573 563 632 One
578 571 777 634 interlocutos
791 573 905 652 speaks
920 573 968 634 ior
981 585 1050 635 two.
1096 575 1143 635 Ci.
1161 575 1247 635 Diei.
1268 577 1313 635 16.

396 691 415 749 3
430 680 492 749 pro
510 672 621 732 dreohus
633 675 783 750 promitto,
802 673 874 734 with
893 673 928 734 de
947 675 1001 737 Or.
1016 676 1058 735 11.
1075 693 1111 752 ²7
1122 684 1181 750 pro
1196 683 1318 752 utroque

396 773 553 849 respomieo.
599 775 635 834 Ιιι
665 774 741 834 both
767 793 914 854 passages
939 793 984 834 we
1013 775 1091 835 have
1120 774 1237 834 further
1262 775 1314 837 the

396 873 508 950 phrase
521 874 551 932 si
561 883 630 934 onte
644 876 720 957 (nisi
729 871 834 953 prius)
849 894 870 934 o
884 875 964 934 oeteis
976 876 1174 951 impetrauero.

438 972 472 1054 5)
494 976 530 1034 ln
552 976 589 1035 eie
610 976 664 1038 Or.
689 977 713 1036 1.
740 995 793 1035 ιιι
824 976 956 1036 Crassus
985 975 1138 1055 modestly
1163 977 1258 1036 refers
1282 987 1315 1037 to

341 1063 346 1072 ’
396 1073 444 1135 his
468 1074 676 1136 contribution
706 1085 739 1134 to
764 1075 818 1136 the
842 1073 1017 1137 discussion
1043 1094 1078 1134 as
1103 1076 1247 1152 ineptioe;
1278 1095 1315 1137 so

398 1173 544 1234 Messalla
560 1172 590 1234 iu
605 1175 693 1235 Diot.
709 1195 759 1252 32.
779 1197 824 1238 ιι.

312 1275 338 1334 ie.
369 1271 490 1332 Similae
505 1273 653 1353 thoughts
667 1277 834 1354 expressed
850 1275 881 1334 in
897 1275 1012 1336 similar
1027 1276 1178 1355 language
1195 1300 1202 1336 z

405 1419 412 1440 ¹
452 1410 585 1468 cecano.
977 1412 1153 1472 Dsauocus.

311 1508 346 1566 de
384 1510 438 1569 Or.
475 1511 499 1568 l.
532 1527 644 1588 53quo
665 1512 769 1570 remisi
856 1529 907 1588 3¹·
929 1531 947 1588 3
974 1511 1009 1570 de
1031 1512 1137 1588 quibus
1160 1511 1266 1587 copiose
1287 1519 1315 1571 et

269 1607 325 1685 qui
340 1616 467 1667 noturus
487 1607 637 1668 hominum
654 1611 769 1688 uimque
817 1611 901 1669 varie
925 1618 953 1669 et
978 1617 1082 1670 ornate
1111 1630 1195 1670 tiemo
1225 1612 1315 1670 dicere

142 1729 145 1733 ·
248 1725 379 1766 verrrorem
396 1707 592 1767 humanitatis
607 1728 769 1788 taurosque
814 1717 916 1788 potest,
937 1711 998 1769 nisi
1017 1713 1073 1788 qui
1086 1713 1215 1787 cognouit
1230 1719 1313 1771 uotu-

268 1826 319 1867 eos
331 1808 438 1885 quibus
451 1816 557 1868 mentm
572 1818 629 1869 out
646 1811 765 1871 incitau-
816 1830 881 1870 rom
892 1811 1052 1870 humanam
1062 1814 1156 1872 etoim
1167 1814 1313 1872 uirtutum

269 1916 323 1967 tor
346 1916 403 1968 out
436 1909 622 1986 reflectuntur
646 1913 766 1988 penetus
817 1911 1053 1988 pravitatemque
1066 1913 1213 1973 oitthmm.

267 2012 461 2086 perspexerit,
473 2013 590 2072 de'eendo
601 2011 683 2090 quod
695 2013 768 2072 votet

267 2111 405 2187 perficere
421 2128 478 2168 nou
491 2112 610 2186 poterit

309 2228 345 2287 de
362 2227 415 2289 Or.
433 2229 457 2288 1.
474 2228 514 2302 ⁶4
536 2229 563 2288 is
585 2231 643 2289 erit
664 2238 767 2289 orator
854 2228 942 2288 Diui.
954 2248 1004 2305 30.
1016 2230 1036 2288 8
1048 2229 1100 2288 sed
1111 2231 1137 2288 is
1146 2231 1203 2288 erit
1211 2238 1315 2290 orator

267 2349 331 2390 neo
350 2331 497 2401 sententio,
521 2330 574 2389 hoe
596 2337 657 2390 tom
673 2330 768 2406 graui
813 2329 868 2407 qui
879 2329 914 2388 de
921 2330 1002 2389 omui
1009 2331 1175 2407 quaestione
1188 2333 1314 2407 puiclere

266 2433 375 2508 euquus
395 2433 515 2506 nomine,
534 2433 594 2511 qui,
616 2449 764 2511 quoecum-
813 2439 842 2490 et
854 2440 958 2490 ornote
973 2438 1002 2490 et
1019 2430 1065 2490 od
1074 2432 1313 2508 persuadendum

266 2553 324 2612 que
343 2555 391 2596 res
410 2536 544 2597 inciderit
568 2537 703 2614 quaesit
721 2537 763 2597 di·
812 2538 983 2613 optedieere
993 2546 1053 2614 pro
1064 2537 1206 2615 cirquitote
1215 2557 1313 2597 rerum

266 2637 358 2698 mum
367 2639 548 2717 explicando,
561 2640 726 2717 prudenter
737 2645 765 2698 et
812 2639 856 2697 od
877 2641 1031 2700 utilitatem
1061 2647 1219 2717 temporum
1248 2658 1313 2698 cum

265 2741 452 2817 compositeet
458 2747 596 2801 omoteet
603 2741 767 2801 memoriter
814 2741 961 2816 toiuptote
971 2740 1154 2800 audientium
1168 2741 1270 2818 possit.

265 2842 344 2903 deret.

306 2961 399 3023 Brut.
416 2981 475 3042 ²93
490 2961 617 3040 equidem
641 2961 673 3021 iu
700 2960 763 3039 qui·
854 2958 941 3019 DioI.
967 2978 1049 3020 ιι.ι
1078 2962 1208 3039 equidem
1231 2961 1312 3039 sote·

265 3062 388 3123 testam
401 3063 495 3124 nsum
510 3061 708 3124 omimium.
812 3060 865 3118 ier
890 3061 969 3120 vobis
1001 3062 1171 3138 simpliciter
1202 3082 1248 3123 me
1280 3063 1312 3122 iu

810 3160 985 3238 quibusdam
1027 3163 1216 3240 antiquorum
1260 3165 1312 3224 uie

811 3261 907 3321 risum
922 3267 1019 3323 tenere.

305 3381 399 3442 Brut.
421 3382 463 3460 96
488 3397 616 3441 summos
641 3379 762 3439 tonores
852 3379 940 3438 Diot.
961 3380 1024 3458 8.5
1052 3380 1116 3438 sine
1136 3381 1310 3440 commendo·

265 3479 329 3539 seire
340 3481 405 3540 olle
422 3477 761 3566 unmqoammmu
810 3477 886 3537 eum
927 3479 1074 3538 natalium
1115 3479 1314 3556 potentissimi

110 3563 117 3574 ⁹
147 3589 151 3600 ”
265 3598 333 3640 run
344 3579 529 3657 estodeptus.
809 3571 887 3639 suut.
