2952 4138
243 242 277 294 2⁶
592 239 618 287 l'.
640 235 821 288 CORNELII
845 234 973 285 TACl‘l’l
1244 233 1292 298 [rt.
1310 246 1337 277 ι-

292 421 356 487 est,
368 409 622 493 suspicatusque
632 427 672 471 ex
684 406 754 489 ipsa
766 405 953 469 intentione
962 403 1170 488 singulorum
1183 403 1334 468 altiorem

244 539 259 576 2
293 519 381 583 inter
406 538 464 582 eos
489 536 564 580 esse
589 535 787 590 sermonem,
815 513 924 578 ‘Num
951 532 1067 596 parum
1093 511 1333 596 tempestivus'

255 693 258 698 ,
294 625 400 711 inquit
419 622 605 688 ‘interveni
624 632 791 687 secretum
809 620 1035 687 consiliumet
1058 641 1179 686 causae
1195 620 1336 685 alicuius

293 732 544 799 meditationem
562 713 784 796 tractantibus
795 727 828 793 Γ

244 864 261 918 ³
341 841 510 918 ‘blinime,
544 836 699 905 minime'
741 838 848 923 inquit
881 838 1067 914 Secundus,
1102 848 1221 922 ‘atque
1252 838 1335 902 adeo

293 951 412 1016 vellem
433 949 596 1015 maturius
618 947 880 1025 intervenisses;
911 946 1111 1012 delectasset
1134 947 1223 1011 enim
1245 958 1280 1011 te
1301 958 1335 1011 et

295 1059 381 1143 Apri
404 1058 511 1123 nostri
534 1056 804 1122 accuratissimus
829 1075 948 1132 sermo,
973 1075 1048 1119 cum
1075 1056 1276 1131 Maternum,
1298 1065 1335 1119 ut

190 1221 196 1232 .
290 1187 393 1232 omne
418 1165 589 1250 ingenium
615 1185 653 1230 ac
679 1164 826 1229 studium
853 1184 950 1228 suum
975 1164 1017 1228 ad
1045 1184 1163 1229 causas
1188 1165 1336 1248 agendas

235 1297 241 1310 ·
294 1284 514 1351 converteret,
532 1274 727 1339 exhortatus
749 1283 811 1348 est,
829 1282 863 1336 et
885 1271 1030 1336 Materni
1052 1292 1111 1355 pro
1133 1272 1335 1336 carminibus

295 1383 365 1449 suis
392 1382 479 1448 laeta
502 1393 606 1467 utque
631 1391 748 1465 poetas
772 1379 908 1446 delendi
934 1380 1083 1456 decebat,
1106 1379 1277 1444 ardentior
1301 1390 1335 1444 et

295 1502 467 1576 poetarum
483 1511 581 1576 quam
598 1500 766 1554 oratorum
784 1487 922 1553 similior
938 1486 1064 1554 oratio.'

247 1623 261 1671 4
342 1601 419 1666 ‘Me
435 1597 533 1665 vero’
557 1599 664 1684 inquit
688 1610 817 1662 ‘sermo
834 1597 898 1662 iste
915 1597 1045 1662 infinita
1060 1597 1232 1682 voluptate
1247 1595 1337 1662 adie-

295 1710 407 1788 cisset,
424 1721 525 1795 atque
543 1707 574 1774 id
592 1709 699 1793 ipsum
718 1708 872 1786 delectat,
891 1709 979 1793 quod
996 1729 1065 1784 vos,
1083 1707 1145 1772 viri
1164 1707 1282 1792 optimi
1302 1718 1336 1772 et

295 1819 413 1905 optimi
441 1819 626 1903 temporum
652 1828 841 1884 nostrorum
866 1828 1025 1895 oratores,
1052 1839 1119 1883 non
1147 1818 1338 1882 forensibus
1376 1835 1378 1842 ⁴

295 1939 426 1994 tantum
448 1928 593 2013 negotiis
615 1938 649 1992 et
671 1927 908 1993 declamatorio
933 1927 1044 1992 studio
1069 1927 1203 2010 ingenia
1227 1938 1338 1992 vestra

295 2039 467 2118 exercetis,
485 2039 545 2104 sed
562 2038 634 2103 eius
651 2037 740 2102 morli
762 2037 861 2102 etiam
882 2037 1128 2122 disputationes
1151 2037 1336 2113 adsumitis,

295 2170 381 2234 quae
407 2159 441 2214 et
471 2147 641 2232 ingenium
667 2146 760 2212 alunt
789 2157 823 2212 et
856 2145 1053 2211 eruditionis
1081 2167 1119 2212 ac
1151 2147 1336 2212 litterarum
1385 2183 1388 2188 ·

296 2257 571 2326 iucundissimum
607 2257 891 2323 oblectamentum
927 2278 1002 2322 eum
1039 2256 1144 2334 vobis,
1182 2257 1238 2343 qui
1275 2256 1339 2322 ista

296 2369 485 2452 disputatis,
512 2367 679 2444 adierunt,
707 2378 778 2431 tmn
806 2366 907 2432 etiam
934 2367 974 2431 iis
1003 2368 1044 2431 ad
1073 2388 1213 2453 quorum
1241 2389 1339 2432 aures

248 2498 263 2554 ς
297 2477 520 2562 pervenerint.
580 2477 698 2561 ltaque
721 2476 834 2542 hercle
859 2498 926 2542 non
951 2477 1061 2541 minus
1086 2476 1218 2560 probari
1242 2477 1339 2541 video

297 2587 331 2651 in
350 2597 394 2664 te,
413 2587 578 2662 Secunde,
596 2587 684 2670 quod
709 2585 784 2649 Iulii
807 2585 961 2650 Africani
983 2585 1085 2649 vitam
1108 2588 1339 2668 componendo

297 2716 390 2780 spem
419 2694 609 2760 hominibus
638 2693 750 2759 iecisti
779 2694 921 2778 plurium
950 2693 1023 2759 eius
1051 2693 1140 2758 modi
1169 2695 1338 2772 librorum,

296 2887 412 2938 between
436 2887 579 2952 Vespasian
601 2885 653 2936 and
674 2886 793 2936 Vitellius
844 2901 949 2946 sermo,
962 2887 1062 2950 impiies
1076 2902 1092 2936 a
1109 2886 1196 2936 loitier
1209 2888 1275 2954 style
1289 2887 1341 2936 and

297 2955 322 3005 in
334 2953 368 3018 69
379 2967 433 3004 nn.
466 2953 658 3020 Sulrsequemly
669 2953 702 3004 he
713 2963 794 3004 wrote
844 2954 946 3003 choicer
966 2953 1186 3004 diction-cum
1211 2955 1342 3005 exhorta-

296 3029 450 3073 anaccount
467 3021 497 3071 ol
513 3020 555 3072 his
571 3021 728 3087 campaigns,
741 3019 793 3071 and
844 3029 892 3072 tus
916 3028 976 3072 est:
1001 3021 1045 3071 the
1062 3021 1217 3070 crem-clause
1240 3021 1262 3071 is
1281 3021 1341 3072 here

296 3090 319 3140 is
335 3088 404 3140 cited
421 3088 455 3155 by
466 3088 573 3139 Tacitus
589 3104 618 3138 as
635 3104 686 3138 one
703 3087 733 3138 of
750 3088 795 3138 the
845 3087 1042 3154 “explicatius''
1054 3087 1132 3151 being
1149 3087 1295 3153 equivalent
1314 3099 1342 3138 to

295 3156 395 3206 latter's
414 3169 519 3206 sources
537 3154 580 3206 lor
605 3155 679 3204 Book
701 3155 744 3204 lll
766 3154 795 3204 oi
845 3155 958 3205 aclause
970 3154 996 3205 ln
1005 3155 1154 3220 apposition
1164 3155 1225 3206 with
1236 3170 1342 3206 sermo.

298 3222 342 3274 the
353 3223 486 3273 llr'srorr'es.
523 3221 572 3271 llis
585 3229 699 3286 greatest
716 3221 794 3279 fame.
846 3223 896 3273 See
908 3220 1091 3280 Gildersleeve,
1106 3222 1160 3288 583.

296 3290 424 3348 however,
447 3305 500 3341 nas
522 3305 552 3340 as
574 3306 607 3340 an
629 3300 732 3352 oraton
760 3291 794 3342 ci.
877 3308 903 3357 ⁴·
927 3290 1075 3357 ingenium
1103 3291 1203 3341 alunt:
1231 3289 1264 3342 ci.
1288 3290 1342 3341 Cic.

297 3360 365 3410 Htsr.
386 3359 432 3409 tv.
450 3374 482 3423 42
503 3377 623 3426 magnam
641 3362 796 3427 eloquentiae
845 3360 921 3410 Brut.
934 3359 1238 3426 rasa-pervenerint:
1256 3359 1344 3410 future

295 3427 401 3494 firmana
415 3429 554 3492 Vipstanus
561 3429 683 3480 Messalla
690 3429 796 3492 adeptus
844 3427 943 3494 perfect
957 3427 1017 3485 ind..
1029 3430 1147 3495 adstrent
1159 3427 1237 3493 being
1255 3427 1345 3478 under·

295 3495 510 3547 est-altiorem
523 3509 695 3554 sermonem,
703 3497 796 3562 impor-
844 3495 923 3546 stood
935 3495 995 3546 with
1009 3495 1053 3547 the
1065 3496 1224 3546 lum-clause.

296 3570 355 3614 tant
374 3565 533 3623 discussion
561 3563 594 3614 ci.
618 3565 686 3614 Ir'r'st.
709 3563 755 3613 tv.
780 3574 795 3631 5
878 3578 903 3628 5.
927 3563 982 3614 lull
1006 3563 1150 3615 Airicani:
1173 3579 1207 3614 an
1230 3563 1345 3614 eminent

295 3633 390 3681 altiora
411 3632 515 3690 sardia,⁸
542 3630 633 3694 Quint.
652 3631 794 3694 111.·8.42
845 3641 933 3681 orator
942 3630 971 3681 oi
980 3630 1024 3682 the
1036 3631 1107 3696 reign
1117 3630 1147 3681 oi
1155 3631 1235 3682 Nero.
1265 3632 1345 3694 Quin·

295 3699 374 3748 altior
384 3700 502 3764 quaestio.
846 3698 928 3756 tilian,
939 3699 972 3748 Χ.
988 3711 1008 3748 r.
1021 3698 1075 3756 118,
1088 3700 1175 3764 places
1189 3699 1242 3748 him
1254 3698 1345 3766 hythe

329 3779 355 3830 ³·
376 3765 478 3826 οηιίο,
502 3780 532 3818 as
559 3764 710 3818 contrasted
734 3765 795 3818 with
845 3765 901 3817 side
913 3764 942 3817 ot
953 3765 998 3817 the
1009 3764 1114 3818 famous
1124 3764 1258 3817 Domitius
1267 3764 1344 3826 Affers
