2952 4138
212 199 231 254 8
571 205 598 254 P.
619 205 798 256 CORNELll
821 206 949 257 ThClTl
1230 205 1306 272 [ir-4·

262 372 367 438 totius
384 371 512 458 imperii
524 383 624 459 atque
637 375 784 440 omnium
798 375 949 458 gentium
963 376 1115 442 notitiam
1132 375 1303 440 inlustrius

164 497 171 548 l
214 500 230 557 5
263 479 444 566 excogitari
468 492 589 567 potest.
647 483 733 548 Nam
759 483 787 547 si
811 485 853 548 ad
878 483 1056 549 utilitatem
1080 485 1169 549 vitae
1192 484 1304 548 omnia

263 589 403 656 consilia
418 589 573 676 iactaque
597 600 712 656 nostra
734 591 908 676 dirigenda
925 603 1012 668 sunt,
1031 592 1110 677 quirl
1128 603 1179 656 cst
1197 591 1303 656 tutius

262 719 360 784 quam
385 717 458 763 eam
483 718 638 764 exercere
660 709 863 784 artemque
887 721 1018 784 semper
1041 711 1188 765 armatus
1213 721 1303 784 prae·

259 807 380 872 sidium
411 805 536 883 amicis,
569 827 667 891 opem
695 808 822 884 alienis,
853 809 993 874 salutem
1023 809 1301 893 periclitantibus,

260 915 381 980 invidis
396 935 476 980 vero
492 925 525 979 et
543 913 686 981 inimicis
704 926 829 980 metum
854 928 888 983 ct
914 928 1073 982 terrorem
1099 917 1186 981 ultro
1202 916 1300 992 ieras,

261 1023 333 1108 ipse
360 1043 498 1088 securus
529 1034 563 1088 et
594 1024 685 1089 velot
718 1026 859 1108 quadam
894 1035 1053 1109 perpetua
1085 1025 1235 1108 potentia
1262 1046 1302 1090 ac

260 1141 428 1216 potestate
443 1131 617 1196 munitus?
665 1133 768 1197 Cuius
781 1133 831 1196 vis
844 1144 877 1198 et
892 1133 1018 1198 utilitas
1031 1135 1130 1198 rebus
1144 1155 1302 1218 prospere

209 1245 229 1300 6
261 1239 441 1305 fluentibus
464 1238 603 1304 aliorum
626 1240 779 1324 perfugio
803 1252 837 1305 ct
862 1240 967 1305 tutela
992 1239 1220 1324 intellegitur;
1248 1240 1300 1305 sin

259 1347 427 1433 proprium
457 1347 640 1431 periculum
670 1348 844 1432 increpuit,
874 1370 941 1412 non
970 1348 1105 1414 hercule
1137 1349 1239 1414 lorica
1266 1361 1299 1413 et

259 1455 388 1540 gladius
406 1455 438 1520 in
455 1456 526 1522 acie
544 1457 670 1521 firmius
683 1457 927 1521 munimentum
942 1478 1040 1542 cluam
1054 1479 1111 1522 reo
1123 1469 1156 1521 ct
1174 1457 1301 1540 pericli·

260 1563 346 1630 tanti
367 1564 567 1649 eloquentia,
590 1565 790 1648 praesidium
816 1565 914 1630 simul
938 1587 977 1631 ac
1001 1565 1116 1640 telum,
1137 1587 1203 1650 quo
1228 1587 1300 1650 pro-

258 1693 407 1758 pugnare
424 1673 547 1756 pariter
562 1665 596 1739 ct
615 1672 781 1738 incessere
794 1673 864 1738 sive
882 1673 914 1738 in
929 1673 1050 1739 iudicio
1063 1674 1115 1738 vel
1134 1674 1166 1738 in
1181 1685 1299 1738 senatu

208 1801 224 1854 7
259 1781 425 1865 siveapud
439 1781 622 1864 principem
637 1781 755 1865 possis.
798 1780 887 1867 Quid
901 1782 989 1847 aliud
1004 1783 1135 1847 iniestis
1149 1783 1299 1866 patribus

258 1909 365 1974 nuper
382 1888 504 1973 Eprius
522 1889 702 1955 Marcellus
723 1911 822 1973 quam
842 1891 1066 1975 eloquentiam
1088 1911 1180 1954 suam
1201 1913 1300 1974 oppo-

290 2064 315 2115 5.
333 2049 615 2115 consiliatacnquer
635 2049 753 2112 limphis
803 2047 914 2099 tribunal
934 2048 963 2098 oi
988 2049 1031 2100 the
1052 2049 1175 2115 limpire),
1196 2066 1230 2100 on
1255 2049 1299 2100 the

256 2119 551 2168 andacia-armatus:
563 2117 685 2180 agreeing
691 2116 750 2167 with
802 2117 885 2166 other.
923 2117 973 2168 For
984 2133 1001 2166 a
1018 2117 1142 2183 precisely
1154 2118 1299 2179 analngous

257 2184 302 2236 tlte
320 2182 390 2235 sub'.
413 2183 443 2234 ol
466 2184 690 2234 letas—ultro:
713 2186 751 2233 ἐκ.
803 2183 1170 2249 useoiparticlesci.1lr1n.
1191 2185 1263 2234 xlv.
1283 2199 1296 2246 7

255 2252 348 2371 titt·
366 2249 753 2382 rsiiioh‘iniiiii‘sss
801 2253 1174 2381 llhl'tl‘hillisit?
1191 2252 1296 2369 llll*

255 2385 358 2450 general
376 2400 452 2435 sense
472 2383 502 2434 ol
520 2384 649 2452 anybody.
667 2400 752 2452 every·
802 2386 894 2436 dicio:
915 2384 1040 2451 probably
1062 2385 1106 2436 tlre
1129 2387 1297 2436 centumvirali

255 2451 523 2520 body-perpetue
555 2452 685 2518 potentie
715 2467 750 2502 ac
800 2461 884 2503 court.
928 2453 994 2502 'l'his
1025 2452 1135 2503 tribunal
1166 2453 1298 2503 exereiserl

255 2529 418 2586 potestate:
437 2521 549 2584 potenteis
573 2519 594 2568 is
617 2535 703 2583 power
723 2519 748 2570 iu
799 2518 961 2584 jurisdiction
986 2520 1151 2586 particularly
1175 2520 1200 2569 in
1225 2537 1298 2569 causes

254 2586 372 2648 [senerah
386 2593 494 2649 paternas
511 2585 532 2634 is
545 2585 635 2635 vested
652 2601 683 2634 or
698 2585 750 2633 oili·
800 2585 932 2648 involving
954 2586 997 2634 thu
1017 2586 1107 2634 claims
1129 2586 1158 2634 oi
1179 2587 1247 2635 heirs
1267 2601 1297 2634 or

253 2652 302 2702 ciel
325 2667 419 2718 power.
456 2652 507 2702 For
527 2651 571 2702 the
594 2651 749 2702 alliteration
801 2650 883 2703 wards
901 2661 928 2702 to
947 2653 991 2702 the
1008 2653 1159 2717 possession
1177 2652 1207 2701 oi
1223 2668 1297 2716 prop·
1345 2667 1347 2672 ·

252 2735 298 2770 see
311 2719 374 2770 intr.
387 2735 411 2784 p.
424 2719 483 2768 xxii.
799 2728 862 2784 erty.
899 2720 950 2769 l'or
962 2720 1006 2770 the
1018 2720 1189 2770 constitution
1206 2719 1236 2768 oi
1254 2720 1297 2770 the

285 2789 311 2838 ⁶.
330 2787 417 2838 rebus
428 2800 566 2852 prospere
577 2786 748 2837 fluentibus:
799 2795 873 2836 court
898 2803 941 2836 see
965 2800 987 2849 7.
1012 2800 1021 2836 ι
1048 2803 1072 2836 n.
1095 2787 1169 2849 upra!
1188 2794 1295 2836 centnm·

252 2853 286 2904 εί.
298 2853 353 2904 etc.
366 2853 397 2902 de
414 2853 462 2918 Offi
478 2853 497 2902 l.
509 2867 542 2917 90
559 2854 587 2901 r'u
606 2855 679 2904 rebus
692 2862 749 2918 pro·
800 2854 952 2904 airon-in
974 2863 1095 2905 senatu:
1117 2854 1161 2903 the
1181 2851 1298 2918 jurisdic-

252 2922 334 2986 sperr's
355 2927 380 2971 ce
399 2920 436 2970 ad
458 2921 611 2970 uoluntatem
636 2927 747 2969 renstrnm
801 2919 854 2970 tion
885 2920 914 2969 oi
937 2921 981 2971 the
1006 2929 1096 2970 servate
1123 2937 1175 2970 ivus
1202 2921 1297 2987 mainly

252 2988 588 3056 fluentibus-eliorum:
606 2987 749 3054 subjective
799 2987 923 3044 criminati.
946 2989 998 3038 avril
1021 2988 1091 3039 dealt
1120 2988 1212 3056 chiefly
1235 2989 1296 3038 witlr

253 3056 313 3107 trith
331 3055 473 3122 periugio.
485 3055 616 3120 objective
628 3056 688 3106 with
707 3065 750 3106 tu·
800 3072 872 3106 cases
884 3057 1017 3120 involving
1034 3057 1068 3108 its
1086 3073 1143 3107 own
1161 3057 1296 3113 members.

252 3123 524 3189 teu-perieulum
549 3122 708 3190 increpuit:
734 3139 750 3173 a
800 3123 955 3174 actionsior
971 3123 1297 3192 lese-majestyanriother

252 3191 315 3242 bold
337 3190 419 3256 ligure
438 3191 574 3256 occurring
596 3191 658 3258 only
679 3191 747 3246 here.
798 3192 911 3258 political
930 3191 1176 3259 ostensos-apud
1195 3193 1299 3259 princi·

251 3258 298 3310 but
316 3258 388 3326 quite
405 3258 430 3310 ln
449 3257 608 3310 accordance
623 3259 684 3310 with
704 3260 748 3309 the
799 3275 879 3326 pern:
896 3260 941 3311 the
953 3261 1056 3324 highest
1067 3261 1178 3311 tribunal
1188 3276 1240 3311 was
1253 3260 1298 3312 the

251 3326 325 3391 vigor
341 3325 393 3376 aud
410 3341 505 3393 energy
522 3325 552 3377 oi
564 3326 657 3393 Aper’s
674 3328 747 3394 style.
798 3329 931 3377 consilium
961 3327 1081 3394 presided
1111 3344 1173 3378 over
1196 3327 1230 3394 by
1253 3329 1296 3378 the

250 3392 468 3459 -preeeldhrru
486 3406 520 3445 ec
538 3394 643 3446 telum:
661 3395 687 3445 in
705 3410 746 3460 ap·
799 3394 1043 3460 Emperorhimseli.
1069 3393 1297 3474 ltenjoyedorlgi-

251 3461 366 3526 position
384 3461 446 3512 trith
462 3461 745 3527 eloquentia.-sive
797 3462 839 3512 nal
859 3461 1022 3528 jurisdiction
1046 3459 1072 3512 in
1096 3470 1192 3512 certam
1215 3477 1296 3520 cases,

251 3528 476 3580 ...vel...eive=
494 3528 747 3580 sive...eivecon·
797 3529 872 3580 while
892 3529 917 3580 in
941 3531 1032 3580 others
1054 3529 1074 3578 it
1097 3528 1229 3580 exercised
1252 3529 1297 3579 the

251 3603 316 3646 tract
327 3595 357 3646 in
369 3594 476 3647 ludicio
487 3595 534 3646 vel
547 3594 576 3646 in
592 3604 696 3646 senatu
712 3611 747 3645 on
799 3595 867 3661 right
888 3594 917 3646 ot
935 3595 1047 3660 revising
1067 3596 1111 3646 the
1131 3594 1247 3645 decision
1268 3594 1298 3644 oi

251 3661 296 3713 tlte
304 3677 356 3713 one
364 3660 435 3712 haud
446 3665 486 3722 las
498 3661 542 3712 the
554 3660 628 3712 older
638 3663 748 3723 coortu),
799 3663 844 3714 the
855 3662 934 3713 lover
944 3671 1041 3713 courts.

249 3729 311 3786 nith
323 3727 629 3801 epudprtneipen.(as
638 3728 748 3782 menen
831 3744 857 3796 7.
876 3728 1173 3811 EQ:
1191 3743 1206 3778 a
1222 3737 1297 3778 noto
