2952 4138
250 198 284 250 ⁵2
599 200 624 248 Ρ.
646 200 826 250 CORNELII
851 201 979 251 Tactrt
1255 201 1300 260 [th.
1315 204 1345 244 o-

299 367 409 449 aliqua
448 377 528 430 natu
569 367 763 450 propinqua,
797 367 893 432 cuius
931 369 1080 451 probatis
1116 369 1344 451 spectatisque

221 484 249 506 ·“
300 473 448 538 moribus
487 473 597 538 omnis
637 473 786 539 eiusdem
831 475 977 540 lamiliae
1017 457 1167 540 suboles'
1195 476 1344 541 commit-

299 591 436 656 teretur,
462 602 572 646 corant
597 602 663 665 qua
686 602 795 666 neque
819 583 929 647 dicere
954 583 1006 646 las
1030 594 1100 647 erat
1126 584 1212 666 quorl
1246 594 1344 665 turpe

299 689 391 754 dictu
420 709 529 773 neque
556 689 667 754 lacere
691 690 779 774 quod
806 690 1020 754 inhonestum
1047 691 1138 755 lactu
1163 690 1341 755 videretur.

113 819 116 823 ·
198 814 265 867 ‘7
301 797 354 863 Ac
379 818 445 861 non
470 797 582 862 studia
604 799 703 862 modo
726 819 899 882 curasque,
923 799 982 862 sed
1006 784 1228 889 sang
1242 799 1342 864 etiam

220 937 251 960 n
299 881 459 998 hujusque
490 927 668 990 puerorum
702 905 882 971 sanctitate
913 909 1055 990 quadam
1080 929 1119 972 ac
1143 908 1344 972 verecundia
1401 957 1403 962 ,

248 1021 266 1072 8
300 1015 519 1097 temperabat.
562 1015 620 1081 Sic
640 1015 829 1081 Corneliam
848 1015 1085 1090 Gracchorum,
1104 1015 1152 1080 sic
1170 1015 1342 1080 Aureliam

276 1121 461 1216 ¹Caesaris,
488 1123 537 1188 sic
562 1122 678 1188 Atiam
704 1122 853 1207 Augusti
886 1134 1025 1188 matrem
1051 1124 1238 1206 praefuisse
1266 1124 1344 1188 erlu-

299 1232 487 1300 cationibus
511 1253 550 1299 ac
575 1232 770 1318 produxisse
797 1232 963 1317 principes
992 1233 1115 1298 liberos
1143 1233 1342 1318 accepimus.

249 1365 267 1417 ⁹
301 1344 397 1429 Quae
412 1341 588 1427 disciplina
604 1363 643 1408 ac
659 1342 821 1408 severitas
834 1364 875 1407 eo
892 1342 1090 1427 pertinebat,
1110 1355 1146 1408 ut
1164 1343 1293 1408 sincera
1310 1355 1342 1408 ct

239 1501 263 1516 .
301 1453 432 1538 integra
455 1463 489 1518 et
522 1453 621 1517 nullis
650 1437 1032 1537 pravitatibus‘detorta
1060 1452 1344 1537 uniuscuiusque

300 1573 417 1628 natura
437 1572 510 1626 toto
533 1560 646 1626 statim
670 1571 805 1646 pectore
825 1561 986 1645 arriperet
1008 1572 1097 1627 artes
1120 1563 1279 1626 honestas
1299 1573 1342 1637 et,

300 1672 370 1737 sive
394 1672 435 1736 ad
458 1691 527 1736 rem
551 1670 728 1736 militarem
751 1670 822 1736 sive
843 1671 884 1736 ad
908 1671 988 1736 iuris
1011 1671 1184 1737 scientiam
1211 1671 1280 1735 sive
1302 1673 1343 1735 a'd

299 1781 510 1866 eloquentiae
534 1779 681 1844 studium
715 1779 917 1857 inclinasset,
951 1780 982 1844 irl
1016 1781 1122 1845 solum
1155 1791 1280 1864 ageret,
1312 1779 1343 1844 id

299 1891 491 1966 universum
517 1889 674 1954 hauriret.

249 1998 289 2062 2⁹
347 1999 396 2064 At
429 2019 517 2063 nunc
550 2007 649 2062 natus
681 1997 792 2062 iulans
823 1998 998 2081 delegatur
1031 1999 1214 2063 Graeculae
1245 1999 1344 2064 alicui

299 2107 449 2182 ancillae,
479 2105 533 2172 cui
564 2106 758 2190 adiungitur
793 2127 879 2172 unus
910 2119 968 2170 aut
999 2106 1084 2170 alter
1116 2129 1156 2170 cx
1188 2107 1343 2170 omnibus

299 2215 414 2291 seruis,
437 2215 633 2298 plerumque
658 2215 839 2280 vilissimus
866 2235 927 2280 nec
955 2215 1110 2298 cuiquam
1139 2215 1225 2278 serio
1251 2215 1344 2279 mini-

241 2323 265 2382 ἰ
299 2323 402 2388 sterio
441 2322 721 2388 accommodatus.
788 2323 917 2387 Horum
956 2323 1077 2386 labulis
1109 2335 1143 2386 et
1176 2323 1343 2387 erroribus

331 2519 357 2567 ⁶.
379 2515 473 2573 euius,
492 2528 567 2578 quar
585 2513 648 2563 both
662 2529 796 2578 pronaum
847 2515 934 2574 aisse,
947 2515 1055 2577 lroqplr
1066 2522 1116 2576 up;
1135 2516 1342 2578 post-Augustan

299 2582 366 2632 reler
389 2592 417 2632 to
440 2580 617 2647 propinquat
644 2581 684 2631 ‘in
709 2579 796 2630 whose
846 2581 898 2630 and
916 2597 986 2640 rare;
1004 2581 1037 2630 cl.
1054 2582 1111 2642 Juv.
1134 2581 1344 2646 14.228preeros

299 2665 421 2715 presence
444 2648 489 2698 the
515 2646 630 2698 children
654 2663 720 2698 arere
743 2663 797 2711 pre·
845 2664 938 2697 arvoros
950 2650 1077 2712 producit,
1089 2649 1177 2712 brings
1194 2657 1229 2713 up
1246 2649 1303 2714 boys
1320 2656 1345 2698 lo

299 2715 394 2766 vented
422 2715 490 2764 from
519 2712 600 2778 doing
627 2714 680 2763 and
706 2714 797 2779 saying
846 2715 1034 2764 hastarium.

298 2782 367 2832 what
389 2797 442 2831 was
471 2779 538 2830 bad·
580 2779 715 2831 Andresen
745 2781 796 2831 less
879 2795 904 2843 9.
928 2790 958 2830 et
970 2781 1072 2832 nullis:
1090 2797 1134 2830 see
1151 2795 1187 2830 12.
1207 2783 1344 2831 2n.-in·

298 2848 517 2915 naturally-refers
529 2862 586 2912 qua
600 2857 628 2897 to
639 2848 740 2898 suboles.
847 2849 1002 2900 clinaaaet:
1019 2847 1103 2914 subju.
1116 2848 1149 2914 by
1161 2849 1307 2898 attraction.

331 2933 357 2981 7.
380 2918 578 2980 temperabat:
594 2931 626 2965 sc.
639 2922 728 2964 mater.
880 2913 925 2972 29.
949 2917 1344 2975 natus,arlr'rrle.-Gtaecu·

331 2988 356 3035 8.
380 2983 563 3035 Corneliam:
578 2982 623 3032 the
634 2981 762 3046 daughter
769 2983 797 3032 ol
847 2983 909 3033 lae:
930 2984 975 3034 the
995 2982 1147 3033 diminutive
1165 2983 1266 3048 implies
1286 2999 1345 3034 cou-

299 3050 531 3117 Scipiolllricanus
542 3049 628 3116 Major
635 3048 687 3100 and
695 3051 798 3100 mother
848 3059 944 3116 tempt;
962 3051 994 3101 cl.
1008 3066 1030 3118 3.
1045 3066 1058 3119 5
1074 3053 1256 3102 Graeculorum
1268 3055 1344 3119 subu·

298 3118 328 3169 ol
346 3118 466 3170 “liberius
483 3118 536 3170 and
555 3119 638 3170 Gaius
655 3118 796 3168 Gracchus.
846 3120 1004 3171 lia-unua
1024 3130 1074 3172 aut
1095 3122 1181 3172 alter:
1203 3138 1246 3172 see
1258 3136 1281 3186 9.
1294 3122 1344 3172 6o.

297 3215 330 3226 -
348 3187 512 3239 Aureliam:
546 3186 674 3252 daughter
702 3186 731 3235 ol
761 3187 796 3236 Μ.
846 3202 921 3238 -ex
944 3189 1079 3240 omnibus
1103 3189 1210 3240 servis:
1233 3192 1271 3240 rie.
1295 3206 1346 3240 one

294 3255 421 3306 *nautas
443 3257 532 3316 Cotta,
555 3254 608 3306 and
635 3254 740 3306 mother
767 3255 798 3305 of
847 3256 925 3307 taken
943 3266 969 3306 at
988 3257 1096 3308 random
1114 3258 1182 3308 lrom
1201 3257 1245 3308 the
1262 3257 1346 3308 whole

299 3323 384 3385 Julius
408 3325 647 3377 Caesen-litia:
676 3323 748 3375 niece
768 3324 798 3374 ol
846 3323 924 3392 body,
939 3333 985 3374 not
1005 3326 1101 3376 chosen
1119 3325 1179 3376 with
1198 3341 1257 3376 care
1277 3325 1345 3376 from

299 3392 383 3454 Julius
403 3393 501 3444 Caesar
518 3393 606 3458 (being
623 3393 752 3457 daughter
769 3391 798 3442 ol
848 3393 892 3443 the
900 3401 969 3443 most
979 3393 1188 3459 trustworthy.—
1195 3393 1346 3459 cuiquam:

298 3459 340 3512 hia
350 3461 427 3513 sister
444 3462 513 3524 Julia
528 3461 581 3512 and
600 3463 636 3512 hl.
649 3462 728 3513 Atius
743 3460 798 3512 aar·
847 3460 909 3511 here
931 3477 965 3511 an
988 3460 1124 3527 adjective.
1167 3461 1231 3512 This
1255 3462 1346 3512 uncis

298 3527 357 3588 bus)
375 3528 428 3579 and
446 3529 550 3581 mother
567 3527 596 3580 oi
613 3531 799 3593 Augustus-
849 3543 904 3579 rare
927 3527 979 3578 and
1007 3529 1029 3579 is
1055 3527 1176 3578 contined
1203 3528 1296 3595 cbielly
1316 3538 1344 3578 to

300 3595 536 3650 educationibus
554 3596 599 3648 the
610 3595 693 3662 plural
704 3596 760 3648 also
771 3596 798 3647 in
848 3597 1057 3662 post-Augustam
1072 3596 1186 3657 writersr
1209 3594 1242 3647 cl.
1255 3596 1347 3660 Quint.

299 3665 371 3714 Arm.
384 3665 436 3715 111.
449 3664 700 3732 zy—prlraelpeat
717 3663 799 3729 predi·
850 3663 883 3714 X.
897 3678 920 3714 2.
932 3663 949 3714 6
959 3666 1107 3730 cuiusquam
1122 3665 1166 3713 rer'.

298 3731 418 3798 catirely,
439 3738 466 3782 te
486 3732 514 3782 br
534 3732 798 3797 hodera-produ·
882 3744 907 3782 a.
925 3731 1346 3796 tabulis,uurseryra1es.-eno·
