2910 4136
273 167 309 220 ω
631 167 656 216 1¹.
677 163 858 216 connum
882 165 1011 214 rncrrr
1280 164 1326 224 [n.
1340 167 1369 209 a

324 331 463 417 quentia
477 342 535 396 aut
551 331 690 415 adsequi
707 351 807 414 posse
829 333 862 395 in
885 331 1020 396 civitate
1044 341 1101 395 aut
1126 333 1214 396 tueri
1238 333 1368 415 conspi-

276 461 291 513 7
326 461 425 507 cuum
449 450 484 504 et
509 439 713 503 eminentem
738 439 856 504 locum.
908 439 981 503 Nec
1006 438 1136 514 mirum,
1163 460 1238 504 cum
1267 439 1367 504 etiam

325 547 422 615 inviti
440 549 483 613 ad
504 547 661 632 populum
687 548 959 631 producerentur,
978 568 1052 612 cum
1079 569 1194 631 parurn
1220 559 1309 612 esset
1336 549 1367 611 in

325 668 444 724 senatu
468 656 615 721 breviter
636 676 784 732 censere,
803 656 867 720 nisi
883 655 958 740 quis
977 657 1111 739 ingenio
1128 668 1161 720 et
1179 657 1369 740 eloquentia

325 765 527 833 sententiam
544 786 638 830 suam
656 775 816 841 tueretur,
831 786 906 831 cum
925 765 958 829 in
975 765 1118 848 aliquam
1138 765 1294 829 invidiam
1312 781 1367 830 aut

325 875 451 942 crimen
475 874 584 940 vocati
610 895 669 940 sua
693 895 775 938 voce
800 876 1069 958 respondendum
1095 876 1266 950 baberent,
1292 896 1368 939 cum

324 982 518 1050 testimonia
548 1004 680 1069 quoque
712 983 746 1047 in
779 982 910 1048 iudiciis
942 1004 1008 1048 nou
1041 985 1199 1047 absentes
1224 1004 1286 1048 nec
1311 1005 1370 1067 per

245 1173 249 1180 Ι
325 1093 481 1159 tabellam
509 1093 598 1170 dare,
622 1093 681 1158 scd
708 1114 819 1158 coram
848 1105 882 1157 et
909 1103 1104 1182 praesentes
1131 1092 1242 1157 dicere
1274 1115 1369 1177 coge-

274 1210 292 1263 8
326 1213 450 1269 rentur.
493 1202 546 1267 lta
556 1204 597 1267 ad
611 1223 741 1267 summa
753 1202 962 1286 eloquentiae
976 1201 1121 1286 praemia
1134 1222 1255 1283 magna
1268 1203 1367 1266 etiam

325 1311 510 1379 necessitas
525 1311 714 1388 accedebat,
733 1322 766 1376 et
784 1332 849 1396 quo
867 1313 965 1376 modo
981 1311 1144 1376 disertum
1171 1311 1284 1376 haberi
1301 1312 1369 1395 pul-

325 1424 441 1489 chrum
465 1433 500 1487 et
525 1421 716 1506 gloriosum,
744 1421 791 1486 sic
823 1431 940 1486 contra
972 1433 1101 1486 mutum
1135 1433 1168 1485 ct
1201 1421 1366 1506 elinguem

276 1531 429 1599 stridori
457 1531 608 1597 deforme
637 1529 830 1598 habebatur.
891 1532 982 1616 Ergo
1012 1552 1077 1596 non
1107 1531 1217 1595 minus
1249 1532 1368 1596 rubore

325 1663 422 1728 quam
459 1641 614 1726 praemiis
649 1640 917 1717 stimulabautur,
953 1663 994 1705 nc
1026 1642 1260 1706 clientulorum
1296 1641 1369 1706 loco

325 1752 559 1836 potiusquam
585 1761 800 1834 patronorum
826 1762 1091 1825 numerarentur,
1118 1772 1160 1815 ne
1185 1751 1326 1815 traditae
1350 1773 1369 1815 a

326 1859 505 1925 maioribus
530 1859 797 1925 necessitudines
825 1860 866 1924 ad
892 1859 974 1924 alios
1003 1859 1194 1936 transirent,
1221 1882 1263 1925 ue
1288 1872 1368 1924 tam-

322 1990 422 2055 quam
440 1968 564 2033 inertes
581 1978 615 2032 et
633 1989 700 2032 uon
718 1967 892 2034 suffecturi
911 1969 1093 2032 honoribus
1110 1979 1166 2033 aut
1186 1990 1250 2032 non
1269 1969 1369 2052 impc-

276 2101 291 2139 ι
325 2071 454 2144 trarenl
483 2087 540 2142 aut
573 2076 769 2161 impetratos
801 2077 888 2143 male
919 2087 1102 2143 tuerentur.
1170 2077 1294 2143 Nescio
1326 2100 1367 2142 an

324 2187 476 2252 venerint
495 2185 528 2251 in
549 2207 667 2251 manus
684 2198 813 2252 vestras
841 2187 923 2252 haec
940 2198 1064 2262 vetera,
1083 2209 1168 2273 quae
1185 2200 1217 2252 et
1237 2187 1269 2252 in
1286 2189 1369 2252 anti-

325 2296 516 2382 quariorum
535 2295 748 2361 bibliothecis
772 2298 881 2362 adhue
906 2309 1042 2361 manent
1067 2310 1100 2361 et
1126 2319 1200 2362 cum
1228 2297 1369 2362 maxime

324 2428 345 2471 a
369 2405 526 2472 Muciano
552 2406 797 2471 contrahuntur
822 2428 860 2471 ac
890 2406 953 2472 iam
981 2407 1146 2482 undecim,
1175 2418 1210 2470 ut
1239 2407 1367 2490 opinor,

358 2563 383 2613 7.
406 2549 443 2598 ad
466 2549 605 2614 populum
632 2550 823 2614 produceren·
906 2548 951 2608 37.
976 2552 1077 2600 rubore
1081 2551 1331 2614 ἰιιιιιιιχιῐιιυηι
1344 2551 1368 2599 in

326 2625 390 2668 tur·
413 2618 450 2666 r'..e
469 2631 535 2667 were
554 2615 666 2680 brought
687 2632 757 2682 upon
778 2618 822 2668 the
874 2605 1311 2682 thismeaniugp‘ostAugustan-
1319 2618 1369 2666 cli·

327 2685 423 2734 Rostra
452 2693 480 2734 to
508 2681 617 2734 address
645 2684 690 2734 the
721 2686 822 2750 people.
874 2685 1054 2735 emulorum:
1078 2684 1122 2734 the
1144 2683 1296 2734 dimiruuire
1320 2702 1370 2734 eru·

267 2747 272 2758 “
326 2753 494 2802 -breviter
522 2765 651 2812 censere,
671 2752 726 2802 nisi
757 2752 822 2818 quis
874 2753 991 2818 phasizes
1012 2752 1055 2802 the
1075 2751 1171 2814 feeling
1188 2752 1216 2801 ol
1236 2763 1369 2816 contempt

325 2828 469 2872 tueretur:
499 2819 543 2871 the
565 2819 653 2870 clause
676 2821 733 2871 nisi
757 2820 823 2886 quie
872 2819 915 2871 ior
935 2820 1011 2870 those
1032 2818 1091 2869 uho
1112 2819 1172 2869 held
1191 2820 1234 2870 the
1243 2820 1369 2900 position

325 2895 453 2940 tueretur
471 2888 492 2938 is
504 2896 551 2938 not
570 2898 598 2937 to
610 2886 643 2939 be
656 2888 781 2954 regarded
794 2905 824 2940 as
873 2887 903 2938 ol
924 2891 1030 2939 clr'entes.
1065 2887 1123 2938 'lhe
1147 2887 1248 2938 uord'
1242 2905 1263 2938 rs
1286 2888 1370 2938 found

325 2954 493 3006 subordinate
505 2963 533 3006 to
550 2957 676 3007 breviter
692 2969 823 3023 censere,
873 2957 934 3022 only
946 2956 1014 3013 here,
1026 2956 1097 3006 and
1091 2971 1116 3005 ur
1130 2959 1200 3006 Ann,
1215 2957 1278 3005 xll.
1292 2957 1330 3022 36
1337 2985 1371 2994 ·-

325 3021 758 3092 butisrarherexplanatoryolit.
782 3025 823 3074 ‘It
873 3024 1119 3074 necessitudines.
1149 3025 1186 3074 r'e.
1209 3024 1252 3074 the
1274 3023 1370 3074 heredi

325 3105 377 3140 reas
400 3099 447 3142 too
475 3091 541 3142 little
565 3100 593 3142 to
616 3093 697 3158 speak
726 3091 822 3158 brielly,
874 3100 930 3157 tary
942 3092 1065 3141 relations
1078 3090 1107 3140 oi
1124 3109 1140 3141 a
1150 3101 1277 3155 patronus
1290 3102 1317 3141 to
1330 3093 1370 3140 hi.¹

324 3159 362 3208 r‘ae.
375 3159 395 3209 it
413 3175 466 3210 was
484 3168 530 3210 too
548 3160 614 3211 little
632 3160 652 3210 it
669 3175 685 3210 a
704 3175 764 3209 man
776 3159 822 3209 did
872 3160 956 3209 client
954 3175 1077 3210 ns-non
1088 3161 1249 3219 suffecturi,
1259 3161 1372 3225 uaeque!

324 3235 372 3276 not
394 3237 505 3316 support
524 3227 565 3278 his
585 3228 692 3293 opinion
712 3227 745 3294 by
763 3225 822 3278 ahie
871 3234 903 3277 to.
911 3227 1156 3292 -impetrarent.
1174 3244 1209 3279 sc
1222 3229 1335 3278 horrores.

324 3293 427 3355 speech
443 3295 719 3370 -reepoudendum
735 3295 823 3344 habe·
906 3308 930 3344 a
954 3296 1155 3344 heecvetera·
1173 3297 1240 3344 tacu
1248 3297 1371 3345 olidum-

325 3365 382 3407 ret.
398 3358 520 3408 eselntr
532 3371 557 3422 p.
567 3357 617 3407 xxi
625 3372 718 3425 -per
732 3358 822 3409 tubel-
874 3367 961 3408 merres.
969 3361 1253 3423 -autiquarlorumz
1275 3373 1371 3423 apost·

325 3423 392 3486 lem,
405 3425 435 3489 dy
451 3425 595 3491 depositiva.
875 3425 1012 3490 Augustan
1025 3425 1104 3476 word.
1140 3427 1210 3477 For'
1205 3437 1238 3477 us
1250 3441 1371 3488 meaning

358 3497 464 3560 &quo
487 3496 591 3547 moder
613 3511 658 3547 ree
650 3507 714 3614 ud.
733 3510 782 3558 ιιι.
790 3523 824 3536 -
874 3494 900 3547 ln
924 3494 968 3547 the
992 3495 1089 3559 Iunior
1066 3512 1120 3547 »rur
1149 3513 1193 3548 seo
1218 3509 1256 3548 au
1277 3510 1370 3562 9n.--

325 3571 438 3616 mutum
450 3563 656 3629 etelinguem:
715 3563 821 3631 Liva.
872 3577 939 3616 cum
961 3565 1095 3625 maxime,
1117 3583 1174 3616 rroro
1189 3566 1370 3630 prrrtrculurly,

328 3641 437 3694 reyes
448 3630 698 3697 muueeelr‘ngm's
691 3631 820 3682 acuam
871 3631 945 3682 asin
966 3631 1003 3683 ro
1024 3645 1061 3682 ιι.
1073 3647 1136 3683 -e
1160 3633 1316 3684 Muciano:
1340 3632 1370 3682 C

324 3696 399 3749 euim
411 3697 537 3747 consulem
550 3631 698 3749 Merene(
874 3698 988 3750 Licinius
1005 3697 1150 3758 Mucianus,
1163 3698 1220 3751 well
1234 3698 1329 3750 known
1342 3713 1371 3748 as
