2952 4138
191 216 229 270 32
545 215 572 264 Ρ.
592 215 772 266 CORNELII
797 213 925 264 'tnctrt
1199 213 1246 281 [u.
1260 229 1291 272 4-

195 406 212 462 5
244 406 358 451 arcere
381 382 534 449 litoribus
557 392 591 448 et
616 382 741 467 pellere
764 383 914 466 adgressi
939 395 1028 449 sunt.
1083 384 1135 448 lta
1159 383 1188 448 si
1212 405 1287 449 eum

243 495 300 580 qui
316 503 463 559 armatus
481 493 519 558 C.
539 491 673 557 Caesari
691 491 815 557 restitit
838 493 889 557 vel
913 492 1089 577 captivitas
1105 493 1157 558 vel
1174 494 1288 558 volun-

243 615 295 669 tas
319 603 371 669 vel
397 603 504 667 iatum
530 603 662 686 aliquod
689 601 722 666 in
749 604 865 667 urbem
893 601 1120 687 pertraxisset,
1146 614 1180 666 ct
1208 603 1288 668 Cae·

242 733 350 777 sarem
377 711 512 796 quidem
543 710 650 794 ipsum
679 721 712 775 ct
742 711 939 776 Ciceronem
972 711 1086 776 audire
1115 711 1223 794 potuit
1252 723 1285 776 et

191 829 211 882 6
243 821 367 886 nostris
390 841 523 905 quoque
546 819 734 885 actionibus
759 819 932 886 interesse.
983 818 1135 884 Proximo
1151 819 1284 904 quidem

241 930 411 1014 congiario
436 929 499 1012 ipsi
525 929 657 994 vidistis
683 929 860 1013 plerosque
885 950 994 1005 senes,
1020 929 1077 1014 qui
1105 951 1142 993 se
1166 951 1186 994 a
1209 929 1285 996 diuo

240 1059 373 1123 quoque
400 1037 559 1121 Augusto
591 1037 694 1102 semel
728 1048 829 1122 atque
861 1037 980 1102 iterum
1012 1037 1183 1122 accepisse
1210 1059 1286 1103 con-

240 1147 381 1230 giarium
399 1148 588 1213 narrabant.
638 1148 688 1210 Ex
704 1167 770 1232 quo
787 1147 897 1230 colligi
916 1157 1027 1230 potest
1047 1157 1080 1211 et
1103 1147 1282 1212 Corvinum

240 1256 283 1320 ab
307 1255 371 1320 illis
395 1266 429 1319 et
454 1254 612 1319 Asinium
637 1253 742 1319 audiri
767 1255 918 1338 potuisse
944 1257 1034 1342 [nam
1060 1255 1225 1320 Corvinus
1251 1255 1283 1320 in

240 1363 385 1426 medium
409 1384 515 1446 usquc
536 1361 685 1445 Augusti
708 1361 942 1446 principatum,
961 1363 1103 1427 Asinius
1121 1384 1226 1446 paene
1242 1365 1283 1428 ad

240 1481 424 1536 extremum
447 1471 603 1558 durauit],
626 1493 669 1536 ne
693 1471 848 1536 dividatis
873 1471 1043 1537 saeculum
1068 1481 1102 1536 et
1127 1471 1283 1556 antiquos

239 1564 278 1645 ac
296 1590 428 1645 veteres
447 1579 603 1644 vocitetis
622 1589 782 1656 oratores,
800 1602 884 1663 quos
904 1581 1085 1644 eorundem
1110 1579 1281 1644 hominum
1328 1593 1333 1599 ·

238 1709 336 1754 aures
348 1689 554 1772 adgnoscere
569 1709 608 1754 ac
624 1688 714 1755 velut
732 1689 937 1774 coniungere
950 1701 983 1754 et
1000 1689 1156 1773 copulare
1169 1700 1282 1772 potue-

239 1809 316 1863 runt

191 1914 228 1981 18
287 1908 381 1973 Haec
406 1907 480 1973 ideo
505 1909 660 1992 praedixi,
687 1919 734 1984 ut,
760 1929 788 1972 sr
813 1930 878 1993 qua
901 1930 941 1972 ex
966 1909 1083 1974 horum
1113 1921 1280 1973 oratorum

238 2017 328 2081 iama
343 2017 513 2135 glorjpffle
527 2016 599 2081 laus
612 2017 818 2101 temporibus
831 2017 1025 2102 adquiritur,
1040 2039 1111 2082 cnm
1126 2019 1279 2082 docerem

238 2126 271 2189 in
289 2125 399 2189 medio
416 2126 514 2190 sitam
532 2135 565 2189 et
584 2127 771 2210 propiorem
790 2125 885 2190 nobis
902 2147 1000 2211 quam
1020 2127 1136 2192 Servio
1155 2127 1281 2192 Galbae

236 2245 294 2298 aut
313 2233 350 2298 C.
372 2233 485 2298 Laelio
501 2244 557 2298 aut
577 2233 614 2299 C.
634 2233 778 2299 Carboni
797 2255 947 2319 quosque
963 2234 1046 2299 alios
1063 2235 1183 2299 merito
1198 2235 1280 2299 anti-

237 2401 281 2452 tbe
310 2401 364 2451 first
391 2400 516 2459 invasion,
543 2413 573 2468 55
591 2413 641 2451 nc.
683 2403 733 2452 ¹Qec
784 2410 870 2461 teres,
888 2411 952 2452 etc:
972 2402 1083 2469 literally
1100 2404 1147 2451 lert
1158 2419 1211 2466 you
1227 2405 1280 2453 coll

237 2470 312 2519 Caes
329 2470 361 2517 lt.
377 2471 405 2518 G.
426 2469 471 2518 tv.
491 2483 521 2532 23
534 2469 732 2534 ii.—pelleret
782 2470 1009 2518 tloseorutnrsold
1017 2471 1185 2524 urrdurrrirnt.
1195 2471 1276 2519 ruham

237 2535 298 2584 ltere
311 2535 353 2583 ior
363 2536 493 2597 depellere,
506 2535 550 2584 tlte
562 2535 653 2599 simple
671 2533 732 2584 verb
782 2537 824 2583 rlaee
847 2552 905 2584 curs
932 2538 964 2601 ns
981 2538 1023 2585 tie
1044 2553 1113 2584 num·
1131 2540 1278 2597 generatrbn

235 2601 277 2652 ior
286 2602 331 2651 tlte
339 2601 501 2666 componam
519 2601 552 2651 ci.
565 2616 600 2664 rr).
612 2616 620 2650 1
626 2603 732 2666 flexisse
784 2603 961 2664 (eorundem)
971 2602 1054 2665 aregh!
1062 2603 1219 2666 lmruyiriucd
1225 2604 1282 2652 und

237 2668 290 2730 (ior
304 2670 453 2733 diffluxisse),
466 2683 505 2734 30.
517 2670 533 2718 8
550 2670 665 2718 cluditur
680 2669 732 2732 (ior
782 2670 871 2718 utun-d
882 2669 952 2732 (with
966 2668 1010 2718 tire
1022 2672 1144 2732 present).

234 2737 396 2795 includitur).
817 2734 859 2793 lii.
881 2736 1015 2801 praedixi,
1024 2737 1172 2799 prtrnr'sr‹l;
1190 2736 1213 2785 in
1228 2737 1278 2787 tlris

268 2817 293 2865 5.
318 2802 644 2870 itarioritrrqrrc,m34.5;
657 2802 730 2868 guil.
781 2819 856 2854 sense
876 2803 1061 2853 anteclassical
1082 2803 1133 2852 and
1158 2805 1278 2868 post-Au-

235 2893 268 2906 -
277 2868 432 2916 Caesarem
442 2869 552 2930 ipsum:
567 2871 604 2916 alr.
616 2869 659 2917 tlte
670 2883 730 2932 very
781 2879 882 2928 gristnn.
892 2897 925 2906 -
934 2870 1124 2932 temporibus:
1149 2869 1201 2917 dat.
1212 2887 1218 2924 ς
1230 2871 1280 2934 sor

236 2931 730 2994 Caesaragainstwhomhebadiought
780 2935 848 2981 their
862 2934 992 2994 ‹rga-in
1011 2935 1106 2982 medio
1119 2934 1220 2982 sitam:
1239 2937 1276 2982 ne.

235 2995 261 3046 in
272 2997 730 3063 Britain-actionibus:post-Au·
781 2999 920 3064 belonging
950 3009 977 3048 to
1007 3000 1051 3050 tue
1077 2999 1213 3062 following
1238 3004 1278 3061 (or

234 3065 543 3129 gestanlororutiom'lurs.
555 3067 699 3132 Soalsoga.
708 3078 729 3133 5.
781 3069 894 3132 present)
907 3068 1066 3131 generation.
1085 3067 1184 3116 astreli
1203 3082 1231 3117 as
1250 3079 1278 3117 to

266 3132 291 3182 6.
315 3134 445 3197 proximo
459 3133 621 3199 congiario:
638 3134 702 3184 sucb
714 3150 731 3183 a
781 3135 825 3184 the
842 3134 1139 3199 preceding-Servio
1153 3135 1278 3185 Galbae:

233 3197 358 3249 donation
371 3199 422 3250 had
434 3200 498 3250 been
510 3201 585 3263 giren
599 3201 623 3250 in
634 3215 665 3266 73
676 3214 729 3250 nn.
780 3200 871 3251 consul
886 3215 931 3262 ttt
946 3213 1003 3257 luc..
1017 3201 1061 3252 the
1076 3201 1204 3251 ioremost
1222 3217 1278 3251 ora·

234 3267 260 3314 in
273 3264 317 3316 tlte
329 3282 404 3318 name
416 3267 446 3317 oi
457 3267 647 3319 Titus-divo
658 3281 730 3334 quo·
781 3277 822 3318 tor
838 3268 869 3318 oi
885 3268 926 3318 his
942 3268 1000 3319 da.
1036 3269 1179 3326 cicerum·
1196 3271 1242 3319 Or.
1257 3270 1276 3317 1.

233 3346 290 3397 que
309 3335 462 3400 Augusto:
485 3338 522 3385 ia.
535 3351 565 3385 as
579 3336 635 3385 well
653 3351 682 3385 as
695 3351 730 3386 re
780 3351 819 3396 ⁴0·
844 3351 903 3402 says
925 3336 955 3386 oi
978 3284 1040 3393 blm,
1062 3338 1179 3387 diuinum
1200 3337 1278 3386 honri·

234 3401 326 3467 cently.
356 3406 398 3450 On
412 3402 456 3451 tlre
467 3403 580 3468 position
593 3401 730 3467 usqueque
780 3419 836 3452 nem
850 3405 878 3452 in
891 3405 1036 3453 dicenda-
1044 3403 1077 3454 C.
1099 3404 1214 3453 Laelio:
1232 3404 1277 3453 tbe

233 3465 267 3516 ci.
279 3468 351 3517 Anu.
364 3467 438 3518 er.
452 3483 484 3520 20
500 3471 614 3520 Gnaeum
632 3485 730 3535 qnoque
780 3469 939 3520 well-known
952 3469 1037 3520 iriend
1054 3469 1084 3519 oi
1101 3469 1144 3520 tlre
1162 3485 1278 3536 younger

234 3533 462 3598 Pompeium-in
480 3537 607 3587 medium
626 3550 729 3601 usque,
780 3535 875 3601 Scipio.
912 3537 956 3586 He
976 3553 1028 3588 was
1048 3537 1140 3588 consul
1161 3551 1207 3599 ¹40
1226 3549 1275 3586 uc.

214 3615 216 3620 ·
233 3607 298 3650 ete:
313 3617 357 3652 see
367 3602 512 3667 App-ne
523 3603 674 3653 dividatis:
688 3603 729 3652 be
780 3603 879 3658 Cicero,
892 3602 970 3653 Brut.
981 3603 1022 3669 83,
1034 3603 1220 3653 characteriaes
1236 3603 1277 3652 his

232 3664 291 3718 iere
298 3667 371 3719 these
377 3667 463 3719 words
469 3669 563 3734 supply
569 3669 594 3718 in
603 3668 728 3733 thought:
778 3669 958 3734 oratum-C.
970 3669 1109 3720 Carboni:
1124 3669 1276 3720 consultae

232 3731 314 3786 ‘This
332 3733 345 3786 t
361 3733 607 3804 ayt-nnuma·
627 3748 661 3788 sc
679 3749 728 3786 ve·
780 3745 832 3788 nc.
867 3736 919 3788 See
931 3737 1032 3802 34.8n.
