2952 4138
219 193 254 247 ⁴8
577 196 603 245 l‘.
625 193 806 245 CORNELII
832 195 960 244 rhem
1227 191 1272 254 [2⁰.
1290 205 1317 238 r·

269 364 394 428 omisso
418 363 545 448 optimo
565 363 621 427 illo
643 374 677 428 et
700 363 946 448 perfectissimo
962 384 1086 446 genere
1104 362 1314 447 eloquentiae

268 473 423 556 eligenda
447 471 490 536 sit
515 472 623 537 forma
646 472 788 548 dicendi,
815 472 926 537 malim
953 472 1087 566 hercule
1111 472 1147 536 C.
1171 471 1314 538 Gracchi
1329 437 1430 546 ,μυί

171 613 244 700 «ιν,
268 581 428 664 impetum
451 590 508 644 aut
534 580 572 646 L.
591 579 705 644 Crassi
730 579 956 644 maturitatem
982 600 1080 664 quam
1106 577 1313 646 calamistros
1378 595 1389 672 ἦ
1409 553 1440 641 fv.

79 673 172 774 ,ist
220 711 234 747 2
271 689 476 755 Maecenatis
507 699 565 753 aut
598 688 741 778 tinpitus
775 687 957 754 Gallionis:
992 689 1076 752 adeo
1109 688 1228 752 melius
1260 699 1312 753 est
1405 673 1408 682 ¹

87 775 93 792 .
162 784 178 822 q,
640 774 647 786 .

82 797 97 880 ζ
267 798 451 862 orationem
468 796 519 860 vel
538 797 625 862 hirta
641 807 720 879 toga
737 797 875 861 induere
898 818 995 880 quam
1019 797 1141 861 fucatis
1159 808 1192 860 et
1211 775 1435 862 mere-iffi
1471 853 1472 862 ,

217 928 234 981 3
267 905 373 971 triciis
394 903 545 969 vestibus
565 903 736 987 insignire.
789 905 908 988 Neque
933 904 1022 968 enim
1048 904 1211 968 oratorius
1236 905 1311 979 istc,

267 1013 369 1078 immo
386 1012 521 1078 hercule
538 1034 581 1077 ne
597 1012 701 1077 virilis
717 1013 851 1097 quidem
870 1013 981 1077 cultus
998 1024 1060 1088 est,
1079 1035 1145 1097 quo
1164 1013 1312 1098 plerique

266 1133 453 1207 temporum
485 1133 673 1187 nostrorum
702 1133 834 1188 actores
862 1121 908 1186 ita
937 1132 1078 1186 utuntur
1110 1133 1145 1186 ut
1178 1121 1313 1188 lascivia

267 1231 441 1296 verborum
469 1242 503 1296 et
529 1230 665 1295 levitate
691 1230 934 1296 sententiarum
960 1213 998 1295 et¹
1022 1230 1158 1296 licentia
1182 1252 1312 1314 compo

217 1363 235 1411 ⁴
268 1339 400 1404 sitionis
426 1339 639 1404 histrionales
666 1339 782 1404 modos
808 1339 1005 1422 exprimant.
1067 1339 1232 1424 Quodque
1259 1339 1312 1404 vix

266 1448 382 1515 auditu
400 1448 451 1514 fas
467 1468 543 1514 esse
560 1447 690 1524 debeat,
710 1447 816 1514 laudis
837 1457 870 1513 et
891 1447 1016 1532 gloriae
1039 1458 1072 1513 et
1097 1447 1222 1532 ingenii
1239 1449 1313 1514 loco

239 1557 415 1676 ⁷plerique
439 1559 562 1624 iactant
585 1557 711 1624 cantari
736 1557 915 1643 saltarique
940 1557 1197 1624 commentarios
1214 1580 1313 1638 suos;

218 1689 234 1746 ς
268 1670 356 1734 unde
366 1668 478 1733 oritur
491 1668 545 1732 illa
558 1668 656 1732 foeda
669 1678 701 1733 et
717 1678 939 1752 praepostera,
955 1669 1014 1733 sed
1027 1679 1139 1733 tamen
1154 1668 1312 1754 frequens

266 1778 472 1852 exclamatio,
492 1788 527 1842 ut
544 1789 695 1843 oratores
719 1777 825 1842 nostri
850 1790 966 1842 tenere
990 1779 1112 1855 dicere,
1131 1778 1312 1843 histriones

215 1893 235 1947 6
266 1887 392 1952 diserte
424 1886 546 1951 saltare
577 1887 740 1952 dicantur.
766 1921 776 1950 r
815 1887 978 1971 Equidem
1017 1909 1083 1952 non
1121 1887 1311 1970 negaverim

213 2086 216 2094 .
269 2029 346 2104 Ὺ).
365 2045 398 2097 C.
409 2045 540 2105 Gracchi,
550 2045 705 2097 L.Crasslr
719 2063 763 2096 see
814 2046 1313 2112 vlaverborum,srirul0nslrrrquaqrc:

270 2113 627 2180 18.3n.-calamistroa:
655 2113 764 2180 literally
813 2114 919 2162 ducr'vr'a
942 2113 1004 2180 only
1022 2114 1083 2164 here
1107 2115 1141 2179 lq
1157 2114 1209 2164 this
1230 2131 1313 2166 sense.

265 2183 458 2244 ending-frons,
471 2179 517 2229 but
535 2179 597 2230 here
614 2180 639 2230 in
658 2179 703 2231 the
721 2180 763 2244 fig·
813 2179 970 2230 -levltate
990 2181 1210 2241 sententiatum,
1224 2183 1317 2232 triade!

268 2247 367 2298 urative
383 2264 459 2297 sense
473 2246 506 2295 'of
516 2247 639 2312 fluerat,
654 2248 762 2312 dispd1y.
815 2249 930 2302 rentium:
954 2250 1075 2296 serrterm'u
1097 2263 1125 2297 as·
1146 2249 1171 2297 in
1193 2263 1232 2298 21.
1250 2249 1315 2298 (r.-

266 2343 300 2354 -
313 2315 514 2366 Maecenatis:
539 2315 583 2364 tlre
601 2314 762 2364 well-known
814 2314 999 2365 histrionales
1018 2317 1120 2366 modos
1140 2317 1313 2381 exprimant,

267 2392 359 2446 patron
383 2382 412 2431 of
437 2383 547 2432 llorace.
584 2383 719 2445 Augustus
741 2382 763 2432 ia
813 2383 925 2445 copyrlre
938 2398 1062 2430 alermum
1075 2384 1160 2447 ry'rde
1175 2393 1260 2446 slope:
1277 2387 1315 2433 ln'·

266 2448 322 2498 said
331 2448 366 2515 by
376 2449 525 2505 Suetonius.
534 2449 649 2510 Λιςῃδύ,
660 2458 687 2498 to
697 2447 763 2498 haue
813 2451 945 2497 streornrfr's
957 2449 978 2497 is
991 2448 1074 2498 found
1087 2451 1149 2516 only
1160 2451 1228 2506 here,
1243 2465 1281 2515 ²9·
1291 2467 1314 2516 3,

267 2514 343 2564 made
363 2515 439 2564 much
461 2525 534 2579 spurt
553 2515 582 2564 of
602 2515 763 2565 Maecenas'a
813 2513 864 2564 and
877 2517 947 2563 Areu.
963 2515 983 2563 l.
997 2516 1032 2564 rb.

266 2581 378 2630 affected
395 2581 647 2648 style-tinnitus,
657 2582 762 2647 jr'rques.
846 2596 871 2642 ⁴·
895 2583 1017 2632 debeat:
1036 2583 1122 2646 subju.
1133 2582 1162 2631 of
1173 2583 1316 2634 character·

266 2647 324 2697 The
335 2647 406 2697 word
424 2649 450 2698 in
464 2647 515 2697 this
524 2664 600 2698 senae
612 2648 634 2697 is
652 2649 762 2712 poetical
814 2648 1037 2698 istic-iactant
1063 2651 1173 2699 cantari
1204 2650 1315 2700 saltari-

266 2713 319 2763 and
336 2717 594 2778 post-Augustam·
606 2714 763 2765 Gallionisr
814 2728 879 2779 que,
898 2724 966 2763 etc:
991 2715 1114 2764 Messalla
1134 2716 1180 2764 has
1199 2717 1224 2765 lu
1243 2717 1314 2766 mind

266 2779 448 2831 arhetoritian
458 2780 487 2830 of
499 2781 543 2831 the
557 2782 694 2842 Augustam
706 2796 762 2845 age.
815 2780 859 2830 the
887 2781 1064 2838 rhetoricians,
1091 2782 1149 2830 who
1179 2791 1219 2832 set
1249 2783 1315 2834 their

269 2846 762 2905 llewasafriendoftheelderb'eneca.
814 2848 900 2912 pupils
923 2848 986 2898 such
1011 2848 1145 2899 execrable
1170 2849 1271 2900 models
1289 2851 1314 2900 in
1417 2845 1420 2852 ’

265 2912 442 2980 andadopted
452 2914 602 2964 thelatter's
611 2914 696 2964 oldest
706 2930 762 2964 son.
814 2913 995 2971 declamation,
1022 2915 1078 2966 that
1107 2917 1174 2966 their
1201 2915 1315 2985 delivery

299 2994 325 3030 a.
341 2982 404 3031 vel:
421 2980 763 3046 intensive-hirtatogar
814 2979 865 3030 and
892 2991 1009 3044 gestures
1039 2983 1183 3032 resembled
1212 2983 1316 3046 singing

265 3046 362 3098 et.cte
372 3049 448 3098 Irrue.
462 3047 509 3098 262
523 3049 594 3098 omni
604 3055 699 3097 ornatu
710 3065 764 3096 ora·
814 3047 865 3097 and
896 3047 1015 3112 dancing.
1027 3075 1062 3087 -
1077 3052 1314 3111 commentarios,

265 3116 342 3164 tionis
363 3123 495 3180 nimquam
521 3124 585 3166 ueste
604 3117 764 3166 detracta·
813 3117 911 3180 sumpte
927 3118 1044 3182 speeclres,
1063 3133 1092 3167 as
1111 3117 1135 3166 lu
1156 3131 1194 3184 23.
1213 3131 1235 3168 2.

266 3182 387 3233 fucatis:
402 3181 765 3234 ct.ctelrrur.162muudo
846 3197 869 3246 ς.
894 3184 1082 3235 exclamatior
1117 3185 1178 3235 here
1211 3186 1236 3235 in
1271 3185 1315 3235 the

265 3250 332 3315 suco
341 3252 456 3300 rurr'nm's
467 3253 541 3332 (ομιτ.
639 3319 646 3333 ⁹
814 3250 931 3330 senae-of
942 3267 975 3301 an
990 3251 1162 3317 oft-repeated
1175 3253 1315 3320 saying.-
1335 3261 1341 3279 t

264 3327 762 3450 ss·,lalutlbz‘tttla31r‘u
814 3318 1315 3445 tt„lhtt‘ltu‘ll’ltltz'llll{a

265 3451 326 3566 yart
338 3459 384 3502 noe
396 3469 457 3504 coen
474 3453 762 3520 mauly.-plerique=
814 3469 881 3510 eser,
899 3453 921 3504 is
942 3455 1063 3520 peculim,
1083 3453 1135 3504 and
1158 3455 1202 3504 tbe
1219 3463 1274 3504 text
1292 3455 1314 3504 is

285 3534 328 3569 ere
335 3520 389 3570 and
398 3519 482 3571 below
490 3521 515 3570 in
527 3521 655 3572 thesense
662 3521 692 3571 of
703 3537 764 3586 very
813 3519 940 3588 probably
949 3530 1194 3587 corrupt-tenere
1207 3522 1313 3585 dicere,

266 3597 515 3653 many—actores:
528 3587 570 3638 for
578 3596 763 3638 acrorescausa·
812 3588 921 3638 diserte
940 3588 1056 3649 saltare,
1068 3590 1145 3654 apeol
1157 3589 1313 3656 grucej‘ully,

266 3655 474 3787 dalltl'}
488 3654 762 3773 nll‘tt‘l'll
812 3655 1125 3774 asflalius
1142 3657 1314 3790 attuit}

411 3756 419 3780 a
467 3756 473 3772 ⁸
517 3757 524 3770 ·
568 3755 576 3773 ο
622 3749 671 3771 ·“
751 3747 762 3764 ·
