2952 4138
226 187 262 240 ss
578 185 604 234 r.
625 184 803 234 cornuin
829 184 956 233 rncrrr
1232 183 1277 244 [n.
1291 202 1321 243 ⁴-

279 356 398 420 incude
417 353 528 438 positi,
546 353 604 437 qui
626 351 797 436 proiectus
819 351 870 416 sui
893 373 993 417 causa
1016 363 1165 417 oratores
1190 366 1319 419 sectan-

278 472 342 536 tur,
360 481 428 525 non
445 459 551 525 solum
568 459 692 533 audire,
711 462 768 522 sed
787 460 886 523 etiarn
905 460 1030 524 referre
1046 462 1181 525 domum
1195 462 1318 544 aliquid

178 591 186 607 ·
229 591 245 645 5
279 569 419 634 inlustre
446 580 480 632 et
508 567 646 651 dignum
678 567 838 632 memoria
869 567 1009 645 volunt;
1050 568 1252 653 traduntque
1283 569 1317 634 in

277 677 383 742 vicem
399 697 439 741 ac
455 695 555 760 saepe
573 675 605 739 in
624 675 772 739 colonias
794 696 832 740 ae
855 675 1041 758 provincias
1062 697 1139 739 snas
1157 677 1316 752 scribunt,

277 784 348 850 sive
374 804 494 848 sensus
517 782 637 868 aliquis
662 793 781 866 arguta
808 793 841 847 et
872 783 962 848 brevi
992 783 1161 848 sententia
1189 785 1317 849 effulsit
1421 795 1424 800 '
1466 803 1471 880 3

226 892 348 958 esive
364 891 458 958 locus
476 891 641 976 exquisito
658 901 692 956 et
710 891 841 975 poetico
866 891 957 956 cultu
983 891 1114 958 enituit.
1165 893 1319 977 Exigitur
1466 883 1471 902 ⁴

277 1001 365 1067 enim
391 1001 455 1066 iarn
479 1003 522 1066 ab
545 1011 676 1066 oratore
699 1001 799 1064 etiam
825 1001 976 1085 poeticus
1000 1001 1110 1078 decor,
1129 1022 1195 1066 non
1220 1003 1317 1068 Accii

276 1121 332 1177 aut
370 1110 503 1178 Pacuvii
538 1121 676 1176 veterno
713 1110 915 1194 inquinatus,
950 1113 1008 1176 sed
1043 1133 1083 1176 ex
1119 1112 1250 1178 Horatii
1285 1125 1318 1179 et

260 1202 417 1306 ¹Vergilii
445 1231 478 1286 et
510 1219 637 1286 Lucani
665 1221 808 1286 sacrario
836 1221 991 1306 prolatus.
1060 1223 1188 1286 llornnr
1219 1222 1320 1308 igitur

276 1331 411 1398 auribus
442 1342 476 1396 et
509 1330 638 1396 iudiciis
666 1332 903 1414 obtemperans
932 1342 1120 1396 nostrorum
1150 1343 1317 1399 oratorum

145 1527 147 1534 Α
227 1452 368 1514 raetas
384 1441 550 1526 pulchrior
566 1451 599 1506 et
617 1439 763 1505 ornatior
780 1440 919 1507 exstitit.
969 1441 1089 1527 Neque
1110 1441 1185 1507 ideo
1208 1443 1319 1508 minus

276 1551 428 1616 efficaces
448 1560 526 1615 sunt
547 1550 715 1615 orationes
733 1561 876 1629 nostrae,
894 1552 970 1636 quia
992 1552 1033 1615 ad
1054 1573 1152 1616 aures
1175 1551 1319 1617 iudican-

277 1661 359 1725 tium
376 1681 452 1726 eum
469 1659 640 1744 voluptate
657 1659 865 1744 perveniunt.
916 1661 1005 1745 Quid
1026 1662 1115 1726 enirn
1137 1662 1165 1726 si
1186 1662 1318 1727 infirmi-

276 1791 334 1834 ora
365 1770 482 1834 horum
515 1779 701 1853 temporum
731 1769 856 1855 templa
883 1771 1009 1845 eredas,
1035 1769 1113 1854 quia
1145 1792 1211 1835 non
1245 1772 1317 1837 rudi

276 1890 451 1945 caemento
475 1889 509 1943 et
535 1879 733 1943 informibus
757 1879 880 1963 tegulis
905 1890 1131 1957 exstruuntur,
1153 1883 1212 1946 sed
1238 1903 1318 1946 mar-

276 2007 368 2052 more
384 1987 493 2052 nitent
510 1997 544 2052 et
560 2007 641 2052 auro
658 1988 851 2052 radiantur?

276 2160 333 2212 'l'lre
345 2168 375 2212 et
388 2159 410 2212 is
424 2159 599 2227 explanatory.
612 2160 663 2210 and
678 2161 772 2228 simply
822 2161 927 2212 became
946 2160 1079 2222 obsoleto;
1108 2161 1190 2213 hence
1214 2164 1258 2214 the
1277 2181 1319 2215 ex·

274 2226 341 2279 edds
348 2226 457 2278 another
464 2227 664 2288 characteristic3
672 2227 705 2279 cl.
711 2241 771 2294 353
821 2229 938 2293 pression
951 2237 1072 2280 veterno
1084 2229 1261 2295 inquinatus,
1271 2233 1319 2281 dc's·

274 2297 379 2345 iuvenes
389 2296 441 2344 ianr
454 2293 573 2360 ciforum
587 2297 770 2358 ingressuri--
818 2297 927 2362 figurcd
938 2297 1000 2345 wide
1018 2297 1060 2346 llic
1077 2298 1177 2347 rubent
1199 2299 1318 2366 (literally

276 2362 305 2413 in
313 2362 377 2429 ipen
385 2361 547 2414 studiorum
557 2362 660 2414 incude
669 2363 770 2428 positi:
822 2365 866 2414 the
884 2365 975 2413 mould
990 2379 1021 2414 or
1039 2365 1113 2424 rust).
1155 2365 1276 2415 l'ctcrrrrcs
1292 2367 1317 2416 in

274 2432 312 2481 ἐι.
324 2431 377 2481 niu
393 2429 510 2496 engaged
527 2430 554 2480 in
572 2430 639 2481 their
656 2445 771 2497 prepara·
822 2431 874 2482 this
896 2448 972 2482 sense
995 2431 1017 2481 is
1038 2434 1245 2497 post-Angustan
1266 2433 1317 2485 and

275 2497 456 2566 torystudies;
474 2498 507 2550 cl.
520 2498 564 2549 the
578 2497 713 2563 figurative
726 2513 771 2549 nse
821 2515 930 2550 rare-
943 2501 1070 2551 Luceni:
1110 2516 1126 2550 a
1155 2503 1262 2566 nephew
1290 2502 1319 2552 oi

208 2591 217 2613 ι
274 2566 304 2617 ol
318 2569 392 2616 incus
403 2567 428 2616 in
443 2567 508 2616 llor.
521 2567 554 2616 A.
568 2568 598 2616 Ρ.
611 2580 656 2628 441
670 2574 695 2616 et
705 2569 772 2616 male
823 2570 928 2624 Seneca,
952 2567 1003 2617 and
1031 2568 1074 2617 tlte
1099 2568 1194 2618 author
1218 2569 1248 2619 ol
1273 2570 1317 2620 tlre

274 2640 386 2684 innotos
405 2635 495 2685 incudi
515 2634 618 2684 reddere
635 2650 771 2684 versun-
822 2636 1020 2692 Pharsalicam
1041 2634 1186 2686 unfinislred
1207 2637 1262 2701 epie
1282 2653 1316 2686 on

275 2702 432 2768 proiectus,
444 2701 605 2768 prcyicr'cncy.
640 2703 772 2768 Profectus
823 2703 866 2752 the
888 2702 985 2754 second
1008 2703 1065 2753 civil
1090 2719 1147 2753 war.
1184 2704 1227 2754 lle
1250 2703 1318 2754 lived

274 2769 502 2888 triatrus
510 2770 771 2899 ll¹2⁰⁸¹‘⁸¹'“²¹⁵¹²¹''
821 2769 888 2903 “⁰7¹“
901 2780 973 2903 titt
985 2771 1084 2889 titt·
1102 2849 1143 2890 a
1176 2841 1225 2905 n
1250 2841 1320 2890 -nn

307 2918 333 2969 5.
356 2906 473 2956 tradunt
507 2905 536 2955 in
565 2904 674 2955 vicem:
703 2912 772 2971 post·
822 2907 908 2954 romald
924 2908 1010 2970 propit
1032 2923 1083 2970 son.
1107 2908 1135 2971 r'f
1149 2924 1202 2971 you
1228 2909 1322 2958 should
1363 2904 1369 2914 '

275 2972 412 3038 Augustam
425 2971 468 3022 ior
478 2974 589 3023 tradunt
598 2974 646 3022 sibi
657 2988 687 3022 or
704 2976 773 3023 e'urcr
821 2974 904 3029 think.
910 2982 958 3024 etc.
964 2975 1070 3026 ?-rudi
1079 2986 1239 3035 caemento.
1241 2977 1317 3040 plain

273 3056 320 3098 ιη
342 3039 375 3090 ci.
392 3053 431 3107 25.
446 3040 636 3097 trs-nmmo
653 3048 771 3094 sentence.
821 3049 935 3091 concrete.
949 3057 1135 3093 —rnnrmore
1165 3044 1257 3095 nitent
1289 3054 1318 3095 et

278 3109 386 3172 period-
415 3123 432 3158 a
451 3110 659 3174 post-Augustam
685 3123 770 3172 usage.
821 3123 892 3160 euro
909 3109 1070 3161 radianturt
1088 3109 1148 3160 with
1168 3111 1212 3161 the
1229 3114 1318 3176 ageoi

273 3183 427 3240 -ergute.
450 3177 542 3240 hripis,
562 3177 649 3231 clcvcr.
673 3191 702 3226 as
724 3176 771 3226 ire·
823 3177 957 3240 Augustus
970 3177 1053 3242 began
1066 3195 1099 3229 an
1108 3195 1153 3229 era
1164 3179 1193 3230 ol
1204 3182 1317 3247 magnifi-

274 3243 382 3310 quently
415 3244 440 3293 in
478 3243 594 3296 Cicero's
634 3243 770 3295 rhetorical
821 3255 880 3294 cent
900 3244 1023 3311 building.
1059 3251 1194 3312 Augustus
1214 3250 1319 3301 himsell

274 3310 570 3372 vorke—sententie,
584 3313 725 3362 sentiment.
822 3327 874 3361 was
886 3323 955 3363 nont
971 3323 999 3364 to
1017 3316 1093 3367 boast
1111 3317 1167 3368 that
1185 3318 1219 3370 he
1235 3318 1318 3370 found

226 3437 230 3444 ι
307 3381 333 3429 6.
358 3379 441 3430 Accii
463 3388 493 3430 et
513 3380 646 3432 Pacuvii:
668 3378 772 3442 famous
824 3380 943 3431 Romeoi
950 3381 1021 3434 briclc
1030 3384 1081 3435 and
1089 3385 1135 3436 leit
1145 3387 1164 3436 it
1174 3387 1203 3436 ol
1212 3388 1317 3439 marble.

277 3445 378 3496 Roman
396 3448 476 3512 tragic
495 3457 578 3513 poeta
613 3446 688 3514 They
699 3447 772 3497 llour·
824 3449 895 3498 Suet.
903 3450 969 3512 Arce.
979 3452 1017 3502 28.
1044 3453 1120 3503 Alter
1130 3454 1173 3504 the
1181 3455 1318 3519 conflagra-

274 3510 350 3564 ished
370 3513 397 3566 in
420 3515 466 3566 the
486 3514 584 3567 neond
601 3523 679 3567 centu
721 3525 771 3566 nc.
823 3514 877 3565 tion
889 3515 915 3567 in
930 3519 1023 3569 Nero's
1035 3520 1106 3584 reign
1119 3534 1151 3570 an
1164 3521 1249 3571 eraoi
1265 3523 1344 3573 still-

275 3579 308 3630 ln
326 3581 393 3634 their
411 3581 497 3634 desire
517 3590 545 3633 to
565 3582 665 3634 imitate
712 3581 771 3633 reek
822 3593 923 3647 greater
939 3585 1122 3651 magnificenee
1134 3603 1186 3638 was
1202 3588 1319 3654 inaugur-

274 3645 372 3701 dietion
384 3647 447 3717 they
457 3647 597 3715 disligured
609 3651 676 3702 their
687 3649 773 3702 worlrs
822 3651 891 3709 ated.
899 3653 986 3704 whose
993 3654 1067 3721 glory
1075 3669 1126 3705 was
1134 3655 1186 3706 still
1195 3655 1319 3707 undlmin·

199 3775 203 3786 ι
275 3715 337 3770 viu
348 3715 604 3786 wyboldrrords.
613 3717 697 3770 euch
705 3733 772 3770 soon
822 3718 992 3774 ishedetthe
1007 3721 1110 3774 timeor
1128 3722 1318 3790 theDr'aloguc.
