2952 4138
563 179 590 230 P.
611 179 791 232 CORNELII
816 179 943 233 TAClTl
1218 179 1266 248 [15.
1282 191 1310 240 5·

262 347 402 412 busdam
419 346 543 412 solacio
558 359 622 424 est,
640 349 721 412 mihi
737 359 838 433 auget
856 349 1097 434 quaestionem,
1115 348 1192 434 quia
1209 349 1306 414 video

262 455 363 522 etiam
389 455 528 522 Graecis
550 457 722 534 accidisse,
740 468 777 522 ut
800 457 933 544 longius
955 458 1043 524 absit
1067 458 1110 524 ab
1134 457 1308 524 Aeschine

262 575 296 630 et
323 565 554 630 Demosthene
580 564 744 631 Sacerdos
770 565 826 632 ille
852 567 990 634 Nicetes
1015 576 1048 632 et
1073 566 1103 632 si
1126 566 1200 651 quis
1223 566 1308 631 alius

265 675 434 759 Ephesum
467 672 519 738 vel
554 673 736 761 Mytilenas
766 685 933 742 concentu
965 674 1240 741 scholasticorum
1273 686 1318 776 et(

263 783 461 850 clamoribus
487 783 605 868 quatit,
634 804 732 869 quam
759 784 846 850 Aler
870 796 927 851 aut
954 784 1137 851 Africanus
1162 796 1219 849 aut
1263 761 1318 850 ‘o's'

264 892 327 978 ipsi
343 915 363 958 a
379 893 541 959 Cicerone
557 905 614 958 aut
632 893 755 958 Asinio
772 892 992 961 recessimus!

216 999 252 1066 ld
311 1001 510 1086 ‘lingnam'
545 1002 653 1087 inquit
691 1001 867 1067 Secundus
903 1013 956 1067 ‘et
989 1003 1124 1088 dignam
1160 1011 1305 1067 tractatu

261 1109 491 1194 quaestionem
515 1110 659 1176 movisti.
708 1110 776 1176 Sed
800 1111 875 1195 quis
896 1131 969 1176 eam
993 1111 1112 1176 iustius
1130 1110 1307 1194 explicabit

261 1237 360 1300 quam
376 1227 424 1292 tu,
440 1217 482 1281 ad
499 1216 594 1282 cuius
611 1237 775 1282 summam
794 1218 1015 1284 eruditionem
1038 1227 1071 1282 ct
1094 1218 1308 1302 praestantis·

260 1325 381 1390 simum
399 1324 570 1408 ingenium
589 1345 669 1390 cura
684 1346 817 1410 quoque
833 1337 867 1390 et
884 1325 1058 1391 meditatio
1073 1326 1215 1391 accessit
1228 1326 1259 1389 ?’

214 1453 230 1492 ι
311 1434 354 1498 Et
372 1433 530 1498 Messalla
552 1432 747 1517 ‘Aperiam’
769 1434 874 1519 inquit
900 1434 1141 1519 ‘cogitationes
1159 1456 1259 1511 meas,
1278 1435 1305 1498 si

263 1542 342 1609 illud
358 1563 379 1608 a
394 1542 489 1608 vohis
504 1553 583 1610 ante
602 1543 832 1628 impetravero,
848 1554 883 1609 ut
900 1564 960 1609 vos
972 1564 1104 1630 quoque
1118 1564 1305 1609 sermonem

263 1653 352 1719 hunc
369 1662 518 1718 nostrum
535 1651 722 1718 adiuvetis!

213 1782 230 1837 3
310 1761 393 1826 ‘Pro
418 1759 569 1858 duohus'
599 1761 706 1846 inquit
735 1763 910 1827 Maternus
938 1763 1138 1847 ‘promitto;
1169 1783 1245 1827 nam
1272 1772 1305 1826 ct

263 1890 327 1956 ego
353 1879 388 1936 et
417 1870 593 1937 Secundus
621 1891 842 1957 exsequemur
870 1892 927 1936 eas
954 1883 1075 1957 partes,
1102 1893 1185 1957 quas
1212 1872 1307 1937 intel-

263 1979 440 2045 lexerimus
462 1991 497 2044 te
519 2000 585 2044 non
607 1990 676 2045 tam
698 1980 853 2046 omisisse
876 2001 974 2066 quam
1001 1981 1097 2045 nobis
1122 1979 1304 2067 reliquisse.

214 2111 230 2161 e
263 2088 394 2174 Aprum
411 2089 500 2155 enim
518 2088 624 2155 solere
641 2089 822 2155 dissentire
844 2099 878 2155 et
901 2100 938 2155 tu
960 2091 1070 2175 paullo
1092 2102 1171 2155 ante
1193 2090 1304 2156 dixisti

261 2209 296 2263 et
320 2198 390 2283 ipse
409 2199 491 2263 satis
512 2197 711 2265 manifestus
733 2211 784 2264 est
809 2198 872 2264 iam
896 2199 1020 2263 dudum
1045 2199 1078 2263 in
1101 2198 1304 2264 contrarium

261 2307 390 2394 accingi
417 2329 478 2374 nec
504 2328 611 2394 aequo
638 2308 750 2373 animo
779 2309 926 2392 perferre
955 2309 1040 2374 hanc
1068 2319 1217 2373 nostram
1246 2329 1305 2392 pro

261 2417 474 2502 antiquorum
499 2418 596 2482 laude
619 2417 852 2483 concordiam'

259 2575 407 2641 equivalent
426 2583 454 2625 to
468 2582 594 2640 persaepe.
609 2591 638 2625 as
657 2575 758 2641 usually
808 2575 852 2625 the
864 2591 980 2642 younger
995 2575 1072 2642 Pliny.
1104 2577 1153 2626 See
1169 2576 1242 2642 Pliny
1254 2577 1303 2640 Ep.
1364 2613 1368 2620 .
1472 2567 1475 2606 ‘

259 2642 286 2692 in
298 2643 412 2692 Tacitus.
810 2643 855 2692 ul.
873 2643 896 2692 6.
915 2657 930 2709 3
948 2659 1010 2708 qnos
1027 2651 1087 2692 turre
1103 2660 1146 2706 rgo
1155 2643 1304 2709 frequendu-

291 2723 317 2774 5.
340 2709 408 2798 quia
425 2709 527 2789 yideo:
545 2708 673 2788 ‘theiact
693 2709 756 2764 that.
807 2711 872 2765 done.
886 2709 1087 2771 Quintiliorumr.
1100 2712 1304 2806 A'r'crrcrrSmr:

258 2777 756 2909 :tolmailtss'htlhhltl'tiu
806 2777 1305 2910 translatumesse

257 2909 419 2961 substantive
431 2909 527 2966 clause.
539 2925 582 2973 eg.
593 2911 664 2960 Aren.
679 2911 756 2976 ll.43
808 2925 859 2961 was
880 2911 924 2961 the
944 2926 1016 2962 more
1036 2911 1141 2961 famous
1163 2911 1254 2961 school
1276 2911 1305 2960 ol

259 2979 410 3028 Germanico
415 2977 538 3028 alienatio
545 2979 639 3041 putrui
644 2994 755 3028 «amorem
808 2977 852 3028 the
860 2987 918 3028 two.
925 2987 1106 3031 -coneentu
1117 2979 1304 3030 echolastico·

255 3047 644 3110 apnaceterosauxerotetqm'o
654 3047 757 3095 clarina·
808 3059 871 3097 rum
889 3053 918 3096 et
936 3046 1120 3107 clamoribus.
1138 3049 1169 3110 dy
1185 3048 1227 3097 Me
1243 3047 1307 3096 lond

255 3113 317 3162 dine
338 3112 452 3162 materni
473 3114 576 3174 ‚ea-ueris
598 3113 758 3162 αηίιίύαι-
806 3115 966 3180 oppleturos
967 3115 1009 3164 his
1013 3116 1109 3180 pupils.
1133 3115 1303 3164 Scholaste'cus

256 3180 345 3230 etiam
375 3180 494 3232 Graecis
523 3181 674 3241 eccidisse.
693 3189 756 3230 etc:
808 3181 829 3230 is
852 3181 991 3232 elsewhere
1013 3183 1113 3232 reacher
1135 3181 1303 3248 osrheron'c,

256 3247 302 3297 the
313 3245 419 3297 naiter's
434 3245 519 3298 desire
537 3247 581 3328 ior
598 3245 698 3314 brevity
710 3247 757 3326 has
806 3263 850 3310 aar.
879 3247 920 3298 26.
951 3250 1162 3300 rr.-Asinio:
1191 3267 1235 3300 see
1267 3263 1303 3299 12.

255 3313 475 3446 gietireenileriuiziii.
489 3314 756 3437 iiiictiiateiiieffnii
808 3329 883 3440 Nili.
902 3383 1103 3448 quaestionem
1119 3384 1253 3435 movisti:
1271 3383 1304 3435 ci.

254 3449 406 3516 experience
416 3449 464 3500 has
472 3448 585 3500 beiallen
594 3449 638 3500 the
645 3449 755 3509 Greeks,
807 3463 868 3518 25.1
884 3452 998 3501 oraminis
1008 3454 1203 3504 controversiam
1218 3454 1303 3502 moor't.

254 3517 307 3568 aad
327 3532 393 3568 even
412 3517 438 3568 ln
456 3532 473 3568 ι
493 3527 594 3580 greater
611 3517 756 3583 degree-
838 3534 864 3582 ⁴·
888 3519 951 3585 ipse
981 3519 1154 3572 manifestus
1184 3528 1230 3572 eet
1258 3533 1305 3570 ac-

255 3585 401 3636 Seeerdoa
422 3584 470 3635 ille
493 3585 632 3636 Nicetes:
656 3601 673 3635 a
689 3584 756 3636 rhet·
806 3585 893 3653 cingi,
911 3595 976 3637 etc:
995 3603 1011 3637 a
1028 3587 1146 3638 Greeism
1163 3586 1206 3637 ior
1223 3591 1305 3637 urani·

254 3651 352 3702 orician
364 3651 395 3702 oi
413 3651 532 3718 Smyrna.
568 3651 611 3702 lle
623 3651 716 3717 taught
728 3653 754 3702 in
806 3653 904 3720 serrum
917 3660 954 3704 est
969 3655 1053 3719 psum
1071 3654 1172 3719 accingi
1187 3669 1231 3704 nec
1245 3661 1305 3719 per·

256 3719 350 3778 Rome,
367 3715 421 3770 aad
438 3733 491 3770 reas
508 3717 553 3770 the
570 3719 710 3772 instructor
726 3718 756 3772 oi
804 3719 888 3786 serre.
