2910 4136
282 247 315 302 54
636 251 663 300 Ρ.
684 249 865 300 CORNELII
889 250 1017 300 TACITI
1288 247 1333 310 [to.
1349 263 1378 310 5-

331 421 415 488 ullas
439 420 623 488 crebriores
647 441 723 486 cum
747 419 955 486 auditoribus
984 419 1054 484 suis
1083 415 1213 485 fabulas
1236 421 1375 500 habent;

331 531 493 616 colligunt
510 531 599 596 enim
616 530 798 615 discipulos
815 550 882 595 non
903 529 1082 596 severitate
1099 530 1295 614 disciplinae
1313 553 1374 597 nec

331 639 457 726 ingenii
488 640 727 724 experimento,
760 639 819 704 sed
852 639 1033 704 ambitione
1070 639 1307 704 salutationum
1340 653 1374 706 et

285 769 311 790 ·
325 749 503 814 inlecebris
517 727 736 814 ‘adutationis

281 856 321 923 30
377 859 528 922 Transeo
559 858 666 941 prima
693 858 894 922 discentium
924 859 1100 932 elementa,
1127 858 1160 922 in
1184 859 1311 942 quibus
1340 872 1374 924 et

281 987 296 1025 s
331 965 412 1051 ipsis
437 987 552 1051 parum
579 968 771 1031 laboratur:
805 987 867 1031 nec
896 966 929 1030 in
954 967 1146 1031 auctoribus
1171 988 1374 1050 cognoscen-

330 1075 382 1141 dis
410 1086 473 1142 nec
505 1075 538 1140 in
567 1075 749 1140 evolvenda
781 1074 981 1158 antiquitate
1013 1095 1074 1140 nec
1108 1074 1141 1138 in
1175 1075 1294 1140 notitia
1322 1077 1373 1140 vel

264 1227 268 1234 -
330 1205 437 1250 rerum
455 1185 507 1250 vel
529 1185 700 1249 hominum
714 1185 765 1248 vel
790 1194 976 1267 temporum
998 1184 1079 1248 satis
1097 1205 1217 1267 operae
1240 1185 1374 1250 insumi-

204 1337 212 1352 .
279 1315 297 1368 3
330 1304 407 1372 tur;
439 1295 498 1359 sed
524 1304 727 1376 expetuntur
750 1315 834 1377 quos
864 1294 1014 1358 rhetoras
1039 1305 1170 1358 vocant.
1221 1295 1372 1378 Quorum

330 1403 493 1488 professio
520 1403 654 1488 quando
681 1401 824 1486 primum
857 1402 889 1466 in
920 1403 1005 1466 hanc
1035 1404 1150 1466 urbem
1184 1404 1374 1469 introducta

328 1513 373 1580 sit
394 1533 561 1599 quamque
578 1512 700 1577 nullam
718 1513 805 1595 apud
828 1511 970 1576 maiores
987 1524 1121 1576 nostros
1138 1512 1372 1577 auctoritatem

329 1621 482 1687 habuerit
507 1622 621 1686 statim
643 1622 804 1696 dicturus,
823 1621 964 1686 referam
986 1642 1125 1686 necesse
1148 1633 1199 1686 est
1224 1622 1371 1687 animum

327 1731 463 1796 adeam
486 1729 694 1813 disciplinam
716 1751 782 1813 qua
804 1750 883 1794 usos
902 1751 978 1794 esse
996 1751 1053 1794 eos
1076 1743 1225 1795 oratores
1247 1733 1373 1815 accepi·

328 1861 402 1904 mus
425 1860 565 1925 quorum
588 1839 738 1902 infinitus
763 1839 855 1903 labor
879 1850 912 1903 et
936 1839 1118 1903 cottidiana
1143 1840 1316 1904 meditatio
1338 1853 1371 1905 et

289 1987 292 1993 2
328 1949 361 2014 in
378 1949 470 2014 omni
491 1969 615 2034 genere
632 1948 818 2012 studiorum
836 1947 992 2032 adsiduae
1009 1949 1266 2013 exercitationes
1289 1949 1372 2034 ipso-

277 2083 294 2132 4
328 2080 400 2124 rum
417 2059 517 2124 etiam
540 2057 756 2123 continentur
777 2056 879 2123 libris.
931 2057 1041 2121 Notus
1064 2068 1114 2121 est
1138 2058 1232 2122 vobis
1257 2059 1372 2143 utique

328 2167 500 2234 Ciceronis
517 2167 609 2242 liber,
624 2166 681 2250 qui
700 2167 823 2230 Brutus
841 2166 1043 2241 inscribitur,
1061 2165 1093 2230 in
1112 2167 1206 2230 cuius
1224 2179 1372 2232 extrema

327 2287 422 2363 parte
440 2282 529 2364 (narn
550 2275 639 2359 prior
662 2275 1011 2340 commemorationem
1034 2285 1183 2338 veterum
1202 2287 1371 2341 oratorum

326 2427 483 2478 themselves
507 2426 561 2475 tallt
582 2425 685 2476 oitener
704 2426 734 2474 oi
758 2425 821 2475 such
874 2435 974 2490 temps:
992 2425 1024 2476 ci.
1036 2439 1074 2492 35.
1090 2439 1099 2475 r
1115 2429 1143 2474 iu
1155 2429 1252 2476 scholas
1264 2430 1370 2478 istorum

325 2494 441 2560 subjects
455 2493 518 2543 than
531 2491 560 2542 oi
576 2507 627 2558 any
638 2492 728 2542 others
740 2509 745 2549 ;
764 2505 824 2542 cre·
873 2494 921 2559 qui
931 2493 1041 2541 rhetores
1053 2500 1182 2542 vocarmrr.

326 2562 436 2613 briores
459 2560 481 2610 is
504 2559 569 2610 used
592 2559 823 2626 predicatir·ely.——
906 2574 931 2622 3.
955 2575 1076 2624 quorum
1123 2561 1275 2624 proiessio,
1307 2573 1372 2612 etc:

326 2627 434 2695 ingenii
458 2627 664 2692 experimento,
683 2627 713 2690 dy
733 2627 826 2690 gn'ving
874 2641 944 2691 upon
975 2627 1041 2676 their
1073 2626 1127 2676 first
1156 2644 1317 2692 appearance
1346 2639 1373 2678 at

325 2694 531 2761 proosostheir
546 2691 680 2743 calentior
695 2693 823 2756 teuching.
876 2693 960 2743 Rome
981 2695 1073 2757 (pardo
1097 2701 1156 2744 orric
1174 2702 1286 2758 hmpm
1309 2699 1373 2747 Cicr-

324 2761 521 2813 —ambitione
546 2759 766 2811 salutationum:
786 2761 823 2808 ie.
875 2761 953 2818 rom's,
972 2777 1015 2811 see
1033 2774 1072 2827 35.
1095 2763 1117 2821 r)
1139 2762 1183 2811 the
1203 2763 1373 2813 rhetoricians

243 2853 245 2858 ⁷
324 2830 386 2897 they
397 2844 462 2880 even
474 2843 524 2894 pay
532 2837 608 2878 court
620 2837 649 2878 to
661 2825 727 2878 their
738 2828 824 2892 pupils
875 2842 940 2877 were
958 2838 1004 2878 not
1024 2827 1159 2894 favorably
1178 2829 1303 2889 received,
1320 2830 1373 2880 aud

324 2896 358 2964 by
381 2896 487 2960 making
511 2894 630 2959 morning
659 2895 722 2944 calls
754 2909 824 2960 upon
874 2893 901 2943 in
918 2909 950 2958 9²
967 2908 1015 2944 ne.
1028 2911 1093 2944 were
1112 2896 1258 2960 compelled
1276 2897 1310 2966 by
1329 2899 1373 2948 the

324 2965 404 3015 rhem,
874 2975 980 3011 censors
999 2972 1026 3010 to
1043 2962 1114 3012 close
1133 2963 1199 3013 their
1218 2963 1373 3015 schools.-

356 3031 402 3090 30.
426 3041 543 3083 transeo
574 3051 606 3074 π
636 3031 820 3095 praetermitto,
873 3029 973 3080 statim
994 3029 1141 3081 dicturus:
1168 3032 1291 3081 Messalla
1308 3031 1372 3082 does

322 3103 427 3159 omitto:
445 3115 462 3150 a
473 3115 552 3164 usage
564 3107 611 3148 not
622 3097 743 3164 frequent
756 3097 822 3146 until
873 3096 925 3146 this
942 3098 968 3146 in
987 3110 1026 3164 35.
1048 3097 1086 3147 ri.
1099 3127 1133 3136 -
1145 3099 1225 3163 prius
1249 3101 1371 3150 reieram

324 3169 368 3219 the
377 3167 708 3234 post-Augustanera-tn
717 3167 822 3231 quibua
873 3179 994 3216 necesse
1008 3175 1052 3216 est
1066 3167 1206 3226 animum.
1216 3167 1374 3232 lurtestfirsr

322 3245 352 3286 et
375 3236 457 3302 ipsis,
477 3253 510 3285 on
529 3236 613 3286 which
637 3251 698 3300 very
720 3235 822 3299 subjecte
871 3235 951 3283 direct
972 3251 1041 3298 your
1064 3234 1371 3285 arietariam—infinitus

321 3303 382 3352 also.
417 3305 456 3354 Et
465 3306 518 3368 ipre
528 3318 620 3355 occurs
629 3303 705 3367 again
715 3302 740 3351 in
749 3315 821 3368 374.
871 3299 958 3359 labor,
964 3310 1023 3351 eto:
1036 3302 1073 3350 rie.
1084 3302 1127 3350 the
1135 3311 1246 3352 account
1255 3300 1284 3350 oi
1292 3301 1370 3350 them.

355 3384 380 3422 a.
394 3371 578 3423 auctoribusr
593 3370 821 3435 iae.scrs'ptorilur,·
904 3384 929 3431 4.
953 3368 1002 3433 qui
1041 3369 1150 3418 Brutus
1189 3368 1371 3418 inscribitur:

321 3440 557 3504 aposthugustan
571 3438 728 3504 usage-in
742 3436 820 3488 evol·
871 3434 986 3485 Cicero's
1019 3435 1124 3484 famous
1156 3435 1228 3484 work
1261 3451 1297 3486 on
1326 3435 1371 3485 the

320 3507 415 3558 venda
437 3505 624 3572 antiquitates
650 3504 694 3555 the
717 3513 775 3570 past
798 3503 821 3554 is
870 3502 970 3568 history
987 3501 1016 3552 oi
1032 3500 1179 3552 celebrated
1198 3511 1309 3554 oratore.
1346 3502 1370 3552 It

322 3574 434 3640 thought
457 3572 487 3625 oi
507 3587 538 3623 as
559 3588 577 3623 a
597 3571 670 3622 bools
692 3571 775 3622 which
798 3571 821 3621 is
871 3585 923 3620 was
949 3569 1093 3634 composed
1117 3569 1142 3619 in
1166 3569 1199 3632 46
1218 3581 1276 3631 no,
1296 3569 1370 3620 three

321 3640 439 3693 unrolled
449 3656 480 3692 as
491 3641 511 3691 it
522 3640 545 3692 is
557 3637 740 3704 read-quos
755 3639 819 3689 rbe·
869 3651 942 3705 years
959 3635 1049 3687 beiore
1067 3637 1111 3687 the
1127 3635 1236 3688 orator’s
1248 3636 1370 3688 death.-

320 3717 399 3761 torss
427 3715 542 3768 mant,
569 3706 687 3756 roralled
714 3705 819 3755 rhetori·
869 3713 997 3754 extrema
1009 3712 1106 3769 parte:
1123 3703 1263 3769 beginning
1280 3713 1307 3755 at
1319 3717 1368 3771 305

319 3777 398 3829 abur.
423 3774 482 3828 The
489 3771 641 3842 expression
649 3772 751 3840 implica
759 3785 819 3822 cou·
868 3771 898 3822 oi
909 3770 953 3822 the
964 3771 1073 3822 Brutus.
