2910 4136
256 191 293 246 66
614 193 640 242 Ρ.
661 190 841 242 CORNELII
866 189 993 240 TAClTl
1263 187 1309 249 [ab
1326 198 1354 245 7·

306 361 465 448 quidquid
486 361 519 426 in
543 361 658 426 schola
682 359 819 424 cottidie
843 359 964 442 agitur,
983 357 1016 422 in
1042 357 1114 421 loro
1130 357 1183 422 vel
1209 378 1281 422 raro
1298 359 1351 423 vel

307 491 498 556 numquam,
510 469 704 554 ingentibus
715 469 825 534 verbis
838 478 1096 553 persequantur:
1113 487 1188 531 cum
1202 467 1243 531 ad
1254 488 1351 532 veros

307 579 433 646 iudices
448 589 585 644 ventum
596 616 643 629 -

728 689 746 726 ἢ
907 689 925 726 ἢ

817 737 834 773 Q

100 809 133 920 ir
158 831 351 917 Umid-
362 870 431 914 rent
444 849 606 933 cogitant.
641 847 732 912 Nihil
751 846 874 911 humile
887 847 939 910 vel
956 845 1122 912 abiectum
1137 846 1246 930 eloqui
1261 857 1351 930 pote·

55 956 57 964 ’
104 941 220 1045 (iou-*¹
306 970 367 1026 rat.
416 960 540 1042 Magna
557 957 757 1041 eloquentia,
775 956 861 1021 sicut
884 955 1026 1031 flamma,
1045 955 1183 1019 materia
1201 955 1301 1020 alitur
1317 968 1351 1021 et

306 1068 453 1134 motibus
469 1067 635 1134 excitatur
651 1077 684 1132 et
703 1066 829 1131 urendo
846 1065 1007 1130 clarescit.
1061 1065 1185 1129 Eadem
1211 1065 1294 1130 ratio
1317 1067 1349 1131 in

226 1186 231 1195 '
308 1190 422 1244 nostra
450 1199 582 1262 quoque
614 1177 749 1244 civitate
780 1177 992 1260 antiquorum
1026 1177 1249 1259 eloquentiam
1280 1199 1352 1260 pro-

257 1308 272 1346 s
306 1287 406 1353 vexit.
457 1286 543 1351 Nam
562 1286 626 1351 etsi
643 1287 759 1350 borum
777 1307 909 1370 quoque
925 1297 1114 1368 temporum
1138 1295 1287 1348 oratores
1312 1307 1351 1349 ea

306 1397 477 1464 consecuti
507 1407 584 1462 sunt
609 1418 695 1481 qttae
724 1394 909 1480 composita
933 1407 966 1460 et
991 1395 1104 1480 quieta
1129 1407 1161 1458 et
1193 1395 1291 1460 beata
1316 1418 1350 1460 re

306 1491 438 1594 yssblica
469 1507 570 1572 tribui
601 1507 652 1571 las
685 1517 766 1582 erat,
796 1517 908 1571 tamen
943 1506 996 1570 illa
1029 1506 1279 1589 perturbatione
1311 1528 1349 1570 ac

306 1617 440 1683 licentia
457 1617 550 1700 plura
567 1616 630 1680 sibi
647 1617 784 1698 adsequi
801 1615 1008 1690 videbantur,
1024 1637 1097 1680 cum
1117 1616 1229 1679 mixtis
1246 1617 1349 1680 omni-

306 1793 357 1828 one
380 1777 475 1828 should
498 1777 612 1827 sacrifice
641 1775 713 1827 oue's
743 1791 800 1825 own

306 1845 375 1896 child
386 1845 412 1895 in
426 1844 502 1895 order
515 1854 543 1893 to
554 1852 612 1910 stay
623 1859 640 1892 a
651 1844 800 1908 pesdleuce,

306 1921 397 1962 ete-
411 1925 477 1962 curn
514 1912 549 1961 sd
587 1911 697 1961 iudices
731 1925 801 1959 tren·

306 1987 385 2030 turn:
425 1978 469 2027 tlte
514 1987 637 2027 sentence
676 1976 801 2041 probably

306 2045 395 2096 closed
417 2045 477 2095 with
501 2059 575 2094 some
597 2043 661 2094 such
689 2044 800 2107 thought

305 2129 352 2165 as:
370 2112 445 2164 ‘tlten
458 2128 496 2163 we
512 2128 556 2163 see
573 2112 633 2162 bow
644 2122 717 2161 scant
736 2110 802 2161 tlteir

306 2178 801 2314 austudunensis*

306 2316 368 2381 ning
390 2315 420 2366 ol
447 2315 492 2366 the
517 2314 651 2379 iollowing
673 2329 717 2364 are
741 2315 799 2363 lost.

306 2383 364 2434 The
380 2383 473 2434 lacuna
490 2398 542 2432 nas
554 2381 583 2431 oi
604 2382 703 2431 several
721 2396 801 2445 pages

306 2450 332 2501 itt
344 2460 441 2510 extent,
454 2450 493 2500 six
505 2449 531 2500 in
543 2464 594 2500 oue
609 2450 665 2499 lllS.

338 2517 384 2578 llll.
409 2517 574 2582 Conceruiug
592 2515 636 2567 tbe
651 2515 760 2581 speaker
774 2515 799 2566 in

305 2585 425 2652 cbapters
443 2585 532 2652 3⁶·l0·
547 2599 556 2634 t
572 2599 616 2634 see
631 2584 693 2634 Intr.
706 2599 730 2648 p.
742 2583 799 2634 xvii.

305 2654 462 2712 -ltttmile.
480 2653 640 2704 abiectum:
658 2667 675 2701 a
690 2651 800 2701 lavorite

305 2721 481 2772 combination
494 2719 525 2770 ol
536 2721 643 2774 Cicero:
661 2719 693 2770 cl.
702 2721 732 2767 dc
741 2721 799 2768 bin.

306 2789 337 2837 V.
347 2802 376 2856 57
387 2790 458 2838 nihil
466 2789 570 2845 humile,
580 2788 650 2836 rrt'hil
659 2789 779 2836 absectum
791 2803 800 2843 .·

307 2857 352 2906 Or.
368 2869 413 2919 192
431 2857 553 2905 humilem
572 2863 596 2904 et
609 2855 726 2903 abiectum
747 2871 801 2903 orn·

304 2925 589 2989 tionem—poteret:
614 2922 658 2972 tlte
680 2921 748 2986 subj.
772 2920 801 2970 ol

306 2991 357 3042 this
375 2991 437 3042 verb
454 3005 506 3042 tras
523 2989 648 3056 probably
663 2989 707 3040 tbe
724 3005 800 3039 name

305 3057 335 3109 oi
351 3073 425 3108 some
442 3058 529 3109 Greek
546 3057 801 3113 oraton-Demos·

852 1775 1025 1826 well-ordered
1057 1775 1108 1825 aud
1144 1777 1254 1841 tranquil
1289 1793 1350 1841 gov-

851 1852 968 1893 emment
989 1844 1052 1893 suclt
1074 1843 1266 1907 opportunities
1285 1860 1350 1894 nure

852 1926 924 1959 more
943 1911 1075 1960 restricted
1095 1911 1156 1959 tltan
1176 1911 1350 1976 formerly.-

851 1977 918 2026 itta:
954 1979 990 2025 tie.
1021 1977 1102 2025 under
1135 1977 1179 2025 tlte
1217 1979 1349 2041 ltepublic,

851 2058 880 2093 as
892 2043 1009 2108 opposed
1023 2053 1049 2093 to
1062 2045 1165 2095 horum
1186 2053 1348 2110 temporum

851 2111 981 2162 abore—
994 2113 1075 2177 plura
1095 2113 1149 2162 sibi
1170 2113 1292 2178 adsequi
1309 2113 1350 2164 vi·

851 2181 1010 2230 debentur:
1035 2181 1078 2230 tbe
1105 2181 1216 2244 tbouglrt
1240 2182 1262 2230 is
1284 2181 1350 2231 inac-

850 2248 964 2312 curately
987 2247 1132 2312 expressed.
1179 2249 1237 2298 'sne
1260 2250 1350 2298 earlier

852 2315 953 2364 Roman
972 2325 1082 2370 oratore.
1097 2315 1154 2364 ubo
1174 2326 1244 2365 must
1262 2316 1294 2366 be
1307 2333 1350 2366 un·

851 2380 975 2432 derstood
997 2399 1026 2431 as
1045 2381 1157 2432 referred
1181 2393 1207 2432 to
1226 2383 1251 2433 in
1273 2384 1350 2433 vide·

851 2452 963 2508 bantur.
976 2450 1054 2499 could
1067 2450 1206 2517 obviously
1219 2461 1265 2501 not
1284 2451 1350 2501 bave

850 2516 989 2583 compared
1008 2518 1165 2568 themselves
1180 2519 1239 2567 uitb
1254 2535 1269 2568 a
1286 2519 1351 2569 luter

850 2586 1349 2652 generation.asenjoyinglarperprivi·

850 2653 920 2716 leges
928 2652 1018 2718 (plura
1033 2655 1172 2718 adsequi).
1199 2654 1256 2704 'l‘be
1267 2655 1350 2704 writer

851 2735 940 2769 means
969 2721 1072 2770 rutlter:
1103 2719 1224 2770 ‘secured
1248 2731 1350 2783 greater

851 2787 968 2843 rewards.
981 2803 1010 2837 as
1029 2789 1047 2837 it
1060 2805 1145 2837 seems
1164 2799 1191 2838 to
1205 2789 1263 2838 me.'
1299 2791 1319 2838 F
1321 2805 1351 2837 or

851 2855 980 2904 asimilar
999 2873 1043 2905 use
1065 2855 1093 2904 ol
1114 2857 1203 2910 tridui.
1222 2856 1254 2905 cl.
1274 2858 1349 2905 Caes.

851 2923 915 2972 lto.
932 2923 950 2971 l.
964 2938 995 2983 40
1007 2940 1064 2972 cum
1085 2926 1190 2972 tierricus
1209 2925 1349 2981 uidebatur,

850 2991 888 3039 rie.
911 2990 1034 3046 desertor.
1058 3008 1088 3039 nr
1110 2993 1132 3039 it
1152 3007 1229 3040 scenis
1255 3000 1280 3040 io
1303 3007 1349 3042 uer.

849 3087 884 3096 -
897 3059 1052 3108 omnibus:
1070 3059 1110 3107 ior
1125 3060 1241 3107 omnbus
1258 3061 1349 3114 rebus:

306 3125 397 3177 tbenes
425 3142 456 3176 or
481 3140 554 3176 some
578 3125 672 3185 other3
702 3123 734 3172 cl.
756 3125 800 3174 tbe
851 3125 1023 3191 ci.37.4lrr's‚
1055 3127 1249 3191 Neuterplural
1266 3127 1350 3192 adjec-

305 3194 433 3259 lsngurtge
448 3193 579 3253 inlinest
596 3193 680 3241 tndem
695 3193 799 3241 rutioin
851 3193 916 3243 tives
949 3209 992 3242 are
1022 3193 1104 3259 rarely
1133 3193 1196 3243 used
1232 3193 1350 3244 substan-

305 3268 391 3310 uortra
402 3277 500 3326 quoque
513 3262 618 3309 civitate.
628 3285 661 3297 -
670 3261 802 3324 antiquo-
851 3260 929 3325 lively
937 3259 971 3326 by
980 3261 1070 3310 earlier
1083 3261 1180 3311 writers
1192 3261 1218 3311 in
1231 3277 1281 3328 any
1290 3278 1349 3312 case

305 3341 387 3385 cumr
404 3342 439 3377 sc.
451 3334 589 3376 ornemur.
851 3335 942 3390 except
955 3327 999 3376 the
1011 3342 1082 3376 nom.
1092 3344 1122 3378 or
1134 3344 1195 3386 acc,
1208 3328 1293 3378 where
1306 3329 1350 3378 tbe

337 3408 362 3445 ο.
393 3394 496 3444 lterum
542 3402 715 3457 temporum.
760 3393 802 3442 the
852 3393 1015 3443 termination
1025 3392 1111 3444 shows
1120 3395 1274 3458 thegender.
1292 3396 1350 3444 'l'be

305 3467 423 3526 present,
440 3463 520 3510 eiures.
532 3486 566 3497 -
577 3473 612 3509 ea
651 3459 801 3510 consecuti
851 3459 948 3509 writers
957 3459 987 3508 oi
998 3461 1043 3510 tlte
1054 3461 1137 3511 Silver
1147 3463 1211 3524 Age.
1222 3463 1350 3517 bowever.

304 3535 374 3580 snut
393 3541 468 3594 ques
486 3525 574 3578 tribui
597 3525 642 3576 iss
662 3534 739 3577 eret:
762 3526 800 3574 de.
851 3526 955 3592 employ
968 3527 1011 3577 tlte
1024 3528 1100 3577 other
1116 3544 1190 3579 cases
1203 3529 1263 3578 with
1276 3544 1350 3578 some

303 3595 369 3645 such
378 3594 512 3645 moderate
523 3592 738 3642 distinetionasit
748 3607 801 3640 tras
851 3591 976 3652 ireedom‚
994 3610 1037 3656 ep.
1054 3595 1116 3644 Tac.
1129 3596 1194 3658 Agr.
1207 3608 1239 3661 35
1250 3595 1351 3660 firmus

303 3660 419 3728 possible
437 3669 467 3711 to
483 3659 566 3712 attala
588 3657 670 3709 under
689 3657 802 3722 existiug
851 3660 984 3719 adversm
1003 3662 1110 3717 Seneca.
1126 3663 1158 3711 de
1175 3661 1263 3727 Benefi
1278 3661 1313 3712 11.
1328 3674 1350 3776 f.

302 3727 462 3787 conditione,
489 3725 616 3793 tmptytng
644 3723 701 3776 tltttt
730 3724 757 3774 itt
785 3739 802 3774 tt
852 3727 1032 3778 trallionium
1051 3744 1154 3777 cursum
1165 3743 1176 3788 ,·
1195 3729 1349 3790 Quinuli.
