2910 4136
91 208 141 252 *λ
156 207 180 266 ⁸1
386 213 574 266 nracocrs
599 213 648 262 ne
672 212 919 260 ottatouun's.
1163 211 1198 262 ss

93 379 207 460 hahet)
236 402 297 446 sua
324 385 427 464 initia,
449 407 528 452 suos
552 383 684 470 gradus,
711 405 790 446 suae
815 382 1025 466 eloquentiae
1050 382 1142 446 velut

93 490 259 573 quandam
286 496 519 562 educationem
545 495 665 560 relert:
698 517 734 558 se
753 493 840 574 apud
859 494 901 576 (2.
924 491 1071 557 llucium
1091 493 1143 556 ius
1183 515 1198 568 ς

93 599 190 663 civile
230 602 399 684 didicisse,
432 609 519 692 apud
563 604 733 668 Philonem
778 602 1028 678 Academicum,
1062 603 1151 685 apud

95 707 280 776 Diodotum
303 715 455 782 Stoicum
477 737 594 781 omncs
617 713 846 798 philosophiae
872 723 983 795 partes
1008 711 1142 796 penitus

93 817 263 898 hausisse3
291 845 401 908 neque
428 827 468 891 iis
494 823 687 890 doctoribus
709 835 917 896 contentum,
944 843 1083 904 quorum
1111 820 1142 884 ei

93 925 190 1007 eopia
218 928 252 992 in
284 935 365 998 urbe
394 935 592 1020 contigerat,
619 931 781 996 Achaiam
807 951 941 1014 quoque
965 941 999 993 et
1025 929 1141 994 Asiam

94 1055 301 1119 peragrasse,
322 1055 358 1108 ut
376 1067 509 1110 omnem
529 1043 677 1108 omnium
700 1041 820 1104 artium
845 1039 1039 1104 varietatem
1058 1061 1144 1104 com·

94 1143 309 1225 plecteretur.
362 1157 480 1241 ltaque
503 1153 637 1219 hercule
659 1151 692 1215 in
716 1149 808 1213 libris
834 1150 1006 1214 Ciceronis
1029 1152 1144 1232 ‹lepr'e-
1178 1169 1200 1216 6

94 1251 244 1323 hendere
266 1262 345 1329 licet
369 1289 435 1332 non
457 1263 671 1351 geometriae,
691 1283 756 1324 nou
776 1261 931 1334 musicae,
950 1281 1017 1323 non
1038 1281 1144 1340 gram·

94 1363 248 1445 maticae,
276 1395 342 1438 non
372 1376 517 1459 denique
546 1373 645 1438 ullius
670 1369 751 1435 artis
779 1371 943 1450 ingenuae
969 1368 1142 1432 scientiam

93 1469 124 1532 ei
150 1474 311 1548 defuisse.
370 1485 430 1548 Ille
455 1483 649 1548 dialecticae
674 1478 904 1552 subtilitatem,
933 1478 986 1542 ille
1010 1477 1143 1541 moralis

94 1584 200 1660 partis
220 1590 412 1670 utilitatem,
431 1593 487 1658 ille
509 1615 616 1657 rerum
641 1601 752 1655 motus
775 1611 959 1671 ruinasque
983 1609 1145 1670 cognove-

95 1699 155 1754 rat·
207 1697 260 1762 Ita
276 1712 329 1764 est
347 1703 446 1778 enim,
465 1702 582 1784 optimi
602 1702 672 1776 viri,
693 1700 757 1763 ita:
784 1721 822 1761 es
841 1699 944 1761 multa
958 1697 1144 1761 eruditione
1181 1719 1196 1769 7

94 1805 128 1859 et
147 1801 300 1882 plurimis
320 1811 448 1874 artibus
471 1822 504 1874 et
527 1811 675 1875 omnium
702 1829 807 1872 rerum
835 1807 975 1870 scientia
1000 1808 1144 1872 exundat

94 1915 128 1968 ct
147 1915 307 1980 exuberat
326 1917 380 1982 illa
397 1921 601 1985 admirabilis
617 1918 827 2004 eloquentia;
861 1939 967 2000 neque
985 1916 1144 1982 orationis
1179 1935 1198 1984 8

95 2014 146 2079 vis
160 2034 212 2086 set
247 2024 399 2102 facultas,
434 2029 520 2093 sicut
555 2043 739 2095 ceterarum
776 2049 894 2101 rerum,
928 2027 1082 2106 angustis
1113 2039 1145 2091 et

95 2122 255 2196 brevibus
285 2138 437 2201 terminis
467 2140 622 2215 cluditur,
650 2141 707 2202 sed
738 2137 765 2201 is
795 2147 845 2199 est
875 2147 994 2209 orator,
1024 2135 1079 2218 qui
1104 2137 1145 2199 de

95 2237 187 2300 omni
205 2244 404 2323 quaestione
422 2249 559 2329 pulchre
581 2261 613 2311 et
637 2260 753 2311 ornate
771 2257 800 2307 rt
822 2247 861 2308 ml
881 2246 1144 2327 persuademlum

107 2458 112 2470 ¹
129 2407 153 2454 5·
167 2396 202 2460 Q
215 2399 358 2452 Mucium:
371 2405 595 2465 Quintushlucins

96 2459 231 2521 benevola,
240 2465 283 2516 the
292 2483 381 2528 augur,
390 2471 443 2519 Cic.
454 2472 529 2520 lr'rnl.
539 2473 594 2538 306.

94 2527 283 2583 —Philonem
293 2551 298 2582 :
315 2537 424 2585 l'lrilooi
433 2539 543 2594 larissa,
552 2541 596 2590 the

98 2593 238 2649 elcademic
248 2601 425 2666 philosopher.
435 2605 494 2652 who
504 2606 598 2670 during

96 2659 139 2709 the
155 2663 222 2716 First
237 2667 398 2719 hlithridatic
409 2671 472 2719 ll'ar
484 2673 524 2734 (88
537 2678 595 2734 nc.)

96 2726 147 2777 lled
158 2729 226 2783 from
241 2736 343 2786 Athens
363 2747 390 2786 to
410 2739 501 2796 Rome,
514 2741 597 2790 where

95 2795 189 2876 Cicero
212 2803 299 2870 gladly
319 2803 419 2854 availed
444 2805 548 2856 himself
570 2807 599 2857 oi

95 2860 135 2913 lus
144 2871 514 2922 instruction-Diodotum:
528 2876 598 2924 Cice·

96 2931 147 2980 ro's
158 2936 262 2986 toacher
272 2939 297 2987 in
309 2938 448 2992 dialectics.
456 2953 596 3007 geometrp

95 2995 147 3046 and
157 3004 258 3052 natural
268 3006 377 3054 science.
407 3006 430 3053 ll
435 3007 456 3054 is
466 3007 513 3056 last
524 3024 597 3074 years

96 3075 246 3142 wereuspent
255 3071 280 3118 in
290 3071 405 3120 Cicero's
415 3073 505 3132 house,
514 3076 597 3126 where

94 3123 207 3182 hedred
223 3149 254 3199 59
268 3149 486 3203 ire-quorum
505 3145 596 3208 copia,

93 3207 173 3245 nccesrr
190 3207 215 3248 to
230 3204 513 3260 rodono-Achaiam
526 3225 597 3276 quo·

93 3270 151 3336 que
176 3273 205 3314 et
226 3269 344 3321 Asiam:
368 3275 405 3323 sle.
428 3277 526 3327 Greece
546 3277 597 3327 and

94 3321 161 3376 usn
187 3331 282 3408 hlinor.
318 3337 395 3390 Alter
419 3342 463 3393 the
492 3355 597 3409 capture

93 3387 123 3434 oi
132 3392 245 3447 Corinth
256 3399 290 3467 by
298 3404 440 3458 Mummius
450 3410 475 3460 in
488 3412 534 3472 146
548 3425 596 3462 uc·

93 3453 127 3502 all
151 3460 182 3509 oi
206 3465 304 3544 (Jreece
315 3473 394 3523 south
419 3475 449 3526 of
471 3478 598 3545 Thessaly

92 3519 145 3568 and
161 3526 265 3602 ‘Epirus
289 3552 341 3587 was
366 3539 469 3594 formed
498 3545 553 3596 into
582 3561 599 3596 a

21 3631 22 3636 η
92 3597 596 3664 provinceunderrnenameotncnaia.

117 3663 189 3708 reero
213 3679 290 3732 spent
320 3680 371 3722 two
396 3691 470 3742 yem
498 3683 540 3742 (70
569 3689 597 3730 ω

37 3713 122 3841 ''i-,77
138 3729 182 3774 Μ
220 3731 247 3786 in
268 3737 320 3789 this
342 3749 401 3792 tour
420 3743 450 3794 ol
469 3746 596 3814 sindp-

647 2421 762 2456 ornnem
779 2404 908 2453 omniurn
930 2403 1035 2452 arrium
1056 2404 1158 2461 varim,

647 2483 754 2522 tatem:
785 2473 826 2519 ior
855 2471 898 2519 the
924 2469 1089 2535 redundancy
1112 2469 1145 2519 ci.

646 2542 669 2589 6.
683 2555 697 2600 a
714 2556 814 2588 surrrrrnr
834 2554 919 2586 rerum
938 2539 1052 2584 nortuum
1070 2539 1146 2584 adren-

647 2609 754 2660 danlnr:
774 2607 826 2654 t'ic.
840 2605 870 2653 dr
883 2609 927 2653 Or.
942 2604 964 2651 ll
973 2604 991 2651 l.
1005 2617 1035 2664 7:
1048 2620 1144 2652 anirum

648 2691 761 2723 orrrrrmm
777 2689 862 2720 remon
876 2673 1046 2732 «appollonium

681 2743 706 2790 6.
730 2741 907 2796 dialecticae,
920 2747 979 2787 ete:
1015 2738 1059 2787 the
1075 2739 1146 2786 lhree

648 2818 720 2870 great
733 2807 857 2854 ‹luraous
875 2805 903 2853 oi
920 2805 1021 2854 ancient
1035 2805 1147 2870 philoso-

649 2876 701 2940 phy
714 2891 777 2923 were
791 2873 929 2929 dialectics,
943 2872 1022 2921 moral
1037 2873 1146 2936 philoso-

649 2943 700 3008 phy
709 2942 760 2990 and
772 2942 871 2990 natural
882 2940 993 2998 science;
1013 2939 1046 2988 ci.
1056 2940 1145 3000 Quint.

651 3009 712 3058 ΧΗ.
738 3023 759 3057 2.
787 3023 816 3058 to
840 3009 992 3062 rnrlrrrolcm,
1016 3007 1145 3060 trrnrulcm.

649 3073 972 3126 retinendam-moralis
996 3073 1095 3138 partis,
1113 3071 1144 3137 ιγ’

648 3145 690 3192 tlte
701 3145 786 3192 moro!
795 3145 912 3200 dominre,
925 3159 962 3190 nc.
975 3141 1004 3190 oi
1019 3141 1062 3190 the
1074 3155 1146 3206 prov·

648 3211 704 3260 inco
716 3211 745 3260 oi
757 3212 859 3260 morals.

681 3282 707 3329 8.
733 3279 856 3328 cluditur
868 3299 900 3320 ==
911 3277 1053 3326 includitur
1064 3292 1074 3332 ,·
1102 3291 1145 3324 see

651 3359 715 3408 17·⁴
735 3362 776 3394 n„
790 3375 798 3382 -
811 3354 921 3395 orator:
943 3347 981 3392 ir.
994 3344 1019 3392 in
1039 3343 1082 3392 rlre
1098 3341 1145 3391 lull

648 3428 724 3462 sense
736 3413 765 3461 oi
778 3415 832 3462 that
846 3421 928 3470 term;
949 3411 981 3460 cl.
998 3423 1034 3475 15.
1051 3423 1073 3468 1;
1091 3409 1144 3458 Cic.

648 3480 678 3528 de
689 3482 733 3529 Or.
746 3481 765 3528 l.
776 3481 806 3540 (u
820 3483 842 3527 is
853 3485 904 3528 eri!
915 3479 1063 3541 aratorque,
1075 3492 1146 3542 quoe·

648 3563 755 3612 crureque
775 3564 813 3593 rrr
833 3548 959 3604 inciderit,
975 3561 1039 3609 quur
1060 3547 1095 3592 sit
1110 3543 1146 3592 dr·-

648 3621 726 3664 ctwne
736 3613 896 3676 exploranda
903 3613 1045 3676 prudenter
1052 3619 1076 3660 et
1083 3627 1146 3660 conr·

647 3683 729 3744 posite
743 3689 766 3730 rt
779 3687 866 3730 ornate
881 3687 907 3729 et
921 3679 1067 3728 memoriter
1083 3679 1148 3727 dicet

646 3749 827 3813 coaequalium
846 3747 952 3799 aerioma
970 3747 1044 3795 etiam
1064 3743 1145 3809 dirui
