2910 4136
106 197 156 241 qq,
172 186 195 247 7]
391 185 580 235 lllALOGVS
605 185 655 236 DE
679 186 924 236 ourtTotttttVS.
971 229 979 239 .
1166 188 1198 242 75

108 377 219 426 comes
242 353 455 430 seditionum,
474 353 630 419 effrenati
655 353 768 438 populi
794 353 1058 434 incitamentum,
1077 355 1149 422 sine

107 464 277 550 obsequie,
293 463 366 528 siue
383 463 571 539 severitate,
585 475 765 528 contumax
781 464 958 529 temeraria
973 465 1147 549 adrogans,

107 597 191 663 quae
207 575 241 639 in
259 575 345 639 bene
361 571 557 638 constitutis
574 571 766 638 civitatibus
789 595 854 637 uon
875 573 989 640 oritur.
1040 576 1148 661 Quem
1183 598 1201 651 ³

107 687 194 752 euim
206 697 370 750 oratorem
384 682 695 758 Lacedaemonium,
705 705 804 767 quent
818 684 1015 750 Cretensem
1026 685 1151 769 accepi·

107 796 204 861 mus?
232 814 371 879 quarum
389 793 560 859 civitatum
579 793 791 857 severissima
807 792 983 877 disciplina
1004 804 1038 858 et
1061 815 1152 859 seve-

107 905 257 970 rissimae
281 903 373 986 leges
398 905 585 968 traduntur.
636 904 688 966 Ne
714 903 937 968 Macedonum
960 903 1094 987 quidem
1111 925 1150 970 ac
1184 928 1201 975 4

109 1017 280 1079 Persarum
298 1023 354 1076 aut
373 1012 472 1076 ullius
489 1012 601 1093 gentis
617 1033 702 1096 quae
719 1022 810 1076 certo
837 1011 975 1096 imperio
992 1023 1152 1077 contenta

107 1125 206 1188 luerit
236 1121 460 1206 eloquentiam
487 1121 660 1199 nouimus;
702 1121 823 1184 Rhodii
849 1121 993 1205 quidam,
1018 1121 1150 1205 plurimi
1187 1145 1202 1197 ς

107 1231 335 1295 Athenienses
359 1241 508 1293 oratores
531 1229 743 1305 exstiterunt,
762 1230 850 1312 apud
869 1250 953 1313 quos
969 1230 1080 1294 omnia
1098 1251 1153 1312 po·

107 1340 214 1424 palus,
229 1339 339 1402 onmia
353 1337 507 1421 imperiti,
522 1338 643 1413 omnia,
659 1349 694 1401 ut
708 1338 756 1402 sic
768 1337 918 1414 dixerim,
931 1359 1047 1403 omnes
1061 1347 1152 1422 pote·

107 1459 191 1514 rant.
242 1449 366 1511 Nostra
389 1467 521 1531 quoque
546 1447 674 1522 ciuitas,
702 1447 807 1510 douec
833 1446 963 1522 erravit,
987 1449 1094 1514 donec
1113 1468 1151 1512 se
1185 1463 1204 1514 6

107 1557 257 1640 partibus
273 1567 306 1620 et
324 1555 589 1618 dissensionibus
615 1567 648 1618 et
673 1554 848 1619 discordiis
870 1554 1026 1630 coniecit,
1044 1557 1150 1622 donec

108 1666 196 1730 nulla
215 1664 279 1728 fuit
301 1665 333 1727 in
355 1663 426 1727 loro
447 1685 519 1746 pax,
538 1664 628 1728 nulla
652 1663 685 1727 in
711 1676 830 1728 senatu
855 1665 1042 1741 concordia,
1062 1665 1150 1730 nulla

108 1775 140 1837 in
154 1773 284 1837 iudiciis
298 1773 490 1847 moderati0,
505 1773 596 1835 nulla
609 1773 815 1854 superiorum
830 1773 1026 1848 reverentia,
1040 1774 1150 1838 nullus

107 1881 361 1965 magistratuum
391 1883 518 1955 modus,
538 1881 614 1944 tulit
638 1881 711 1945 siue
732 1881 835 1944 dubio
852 1881 1070 1946 valentiorem
1087 1883 1150 1947 elo
1185 1903 1200 1953 7

106 1992 286 2077 quendam,
305 1992 391 2057 sicut
414 1990 595 2055 indomitus
620 2012 700 2075 ager
724 1992 823 2056 habet
849 1992 1008 2076 quasdam
1030 1992 1149 2057 herbas

106 2102 280 2176 laetiores;
307 2103 365 2166 sed
391 2123 454 2166 nec
474 2101 559 2165 tanti
587 2100 634 2165 rei
660 2100 811 2185 publicae
834 2101 1060 2167 Gracchorum
1087 2102 1150 2167 elo·

106 2212 242 2294 quentia
270 2211 333 2276 fuit
363 2224 400 2275 ut
432 2221 604 2294 pateretur
631 2221 664 2274 et
694 2209 795 2292 leges,
824 2231 885 2274 nec
913 2211 999 2274 bene
1026 2211 1149 2276 lamam

106 2321 315 2403 eloquentiae
333 2321 452 2385 Cicero
469 2319 526 2382 tali
544 2319 634 2382 cuitu
653 2319 814 2401 pensavit.

107 2499 189 2548 words
208 2499 305 2549 related
322 2497 386 2548 both
405 2497 431 2547 in
447 2496 532 2545 sound
550 2495 601 2546 and
651 2498 753 2547 erranti
770 2498 873 2560 populo.
919 2497 960 2546 On
985 2498 1037 2548 this
1057 2515 1103 2549 use
1120 2497 1150 2549 oi

106 2583 186 2615 sense.
225 2566 333 2615 l'urther
359 2564 529 2614 illustratious
558 2579 601 2613 are
651 2565 727 2613 donec
743 2581 786 2612 see
803 2566 827 2611 8.
842 2565 1041 2629 stu-nullus
1059 2567 1149 2631 magi·

106 2635 173 2681 llr'sr.
196 2633 231 2681 11.
255 2647 285 2682 ro
307 2632 409 2680 lr'lerms
428 2646 457 2677 nc
480 2630 601 2688 licenda,·
652 2641 794 2681 stratuum
805 2632 971 2680 modusu'e.
981 2631 1093 2698 theydid
1103 2642 1147 2682 not

109 2699 127 2746 l.
154 2713 182 2748 ta
206 2701 306 2747 licentio
329 2715 359 2746 uc
387 2698 499 2746 libidine.
552 2699 601 2748 See
652 2697 754 2747 contine
774 2698 930 2746 themselves
948 2708 976 2746 to
994 2698 1039 2747 the
1057 2699 1149 2748 cousti-

109 2767 168 2815 lutr.
190 2781 214 2829 p.
235 2765 294 2814 xxii.
306 2793 340 2801 -
352 2764 414 2814 sine
436 2765 600 2825 severitate,
619 2769 621 2774 ’
653 2764 761 2814 tutioual
775 2764 926 2813 limitatlous
938 2763 967 2813 ol
980 2765 1047 2816 their
1058 2765 1147 2826 othce3

106 2831 212 2879 nullon!
226 2847 328 2879 rueme.
364 2831 471 2880 'l'acitus
483 2832 505 2880 is
518 2831 601 2880 think·
651 2832 684 2880 cl.
696 2849 739 2895 eg.
754 2833 797 2880 the
810 2847 869 2881 case
881 2831 910 2879 oi
922 2832 966 2880 the
979 2833 1097 2884 Gracchi.

106 2898 149 2956 lug
171 2897 200 2944 ol
223 2898 267 2944 tlte
290 2895 334 2944 old
354 2897 455 2945 Roman
473 2901 600 2956 seneritas,

106 2963 177 3011 olteu
199 2977 375 3026 synouytnous
395 2962 456 3012 with
481 2965 600 3027 dignaatus,

101 3031 223 3090 gravidis.

138 3110 163 3156 4.
187 3102 265 3143 certo
282 3095 420 3158 imperio:
443 3097 481 3145 de.
499 3095 543 3146 the
559 3112 603 3146 un·

106 3159 225 3223 disputed
238 3176 307 3225 suay
319 3159 348 3210 ol
359 3177 374 3210 a
386 3163 520 3212 monarch.

139 3241 163 3289 5.
188 3227 312 3276 Rhodii:
357 3244 400 3291 ng.
445 3230 602 3293 Apollonius

107 3293 189 3350 llolo,
202 3294 245 3344 the
264 3294 368 3344 teacher
385 3294 414 3344 ol
433 3297 534 3353 Cicero,
550 3296 601 3346 aud

106 3358 151 3409 the
170 3359 240 3410 elder
261 3362 445 3424 Hermagoras.
492 3364 542 3413 See
566 3377 602 3428 19.

106 3429 307 3489 rem-omnia,
328 3430 429 3488 donec,
449 3431 544 3481 nulla:
567 3445 601 3480 on

107 3494 151 3542 the
167 3495 300 3558 anaphora
317 3513 361 3546 see
378 3497 440 3546 lntr.
453 3513 478 3562 p.
491 3497 602 3547 xxiii.-

107 3567 138 3608 ut
150 3561 191 3609 sic
207 3563 327 3613 dixerim
338 3579 345 3612 r
363 3579 407 3613 see
419 3576 458 3628 34.
470 3577 516 3612 an.

140 3623 163 3672 ⁶.
187 3628 277 3677 donec
295 3631 417 3679 erravit:
437 3632 475 3678 ia.
491 3630 565 3679 while
582 3629 601 3680 it

108 3687 199 3739 laclred
210 3702 300 3758 strong
308 3694 454 3758 leadershlp
465 3713 471 3755 ς
495 3693 527 3744 cl.
538 3693 601 3760 36.2

684 2913 709 2963 7.
732 2899 883 2948 laetiores:
901 2899 933 2946 cl.
943 2899 1019 2960 Verg.
1031 2902 1117 2960 Gerre.
1126 2899 1147 2949 l.

651 2979 701 3029 339
717 2967 790 3013 lacos
806 2982 835 3012 m
852 2965 942 3013 herbis.
953 2978 1044 3016 -nee
1062 2967 1147 3016 tanti:

651 3031 787 3094 explained
817 3031 850 3096 by
877 3032 921 3080 the
949 3030 1083 3094 following
1111 3039 1147 3082 re!-

652 3097 788 3146 clause.—
800 3105 832 3147 ut
848 3107 995 3162 pateretur
1011 3107 1040 3147 et
1056 3100 1146 3163 leges,

652 3163 709 3212 rtur
731 3164 754 3212 r't
774 3164 868 3212 should
884 3165 980 3212 eudem
999 3166 1068 3213 their
1083 3167 1148 3215 loros

652 3236 696 3286 too,
706 3245 735 3278 as
746 3231 801 3278 well
812 3247 840 3278 as
850 3229 912 3279 hear
925 3229 991 3280 their
999 3231 1146 3295 eloquence.

652 3309 745 3345 -nec
766 3299 838 3346 bene
858 3297 975 3356 lamam,
995 3306 1058 3346 eto:
1082 3297 1147 3347 *and

654 3362 823 3429 ingloriously
835 3362 879 3412 did
892 3363 984 3413 Cicero
994 3363 1096 3480 papior
1107 3363 1148 3414 his

654 3445 758 3480 renown
781 3446 809 3478 as
829 3445 861 3479 au
885 3439 974 3479 orator
1012 3430 1109 3497 ysuch
1132 3446 1148 3481 a

652 3497 749 3546 deam!
794 3496 865 3546 With
887 3513 931 3546 nec
953 3498 1011 3547 bene
1029 3497 1062 3547 ei.
1083 3497 1147 3547 llor.

654 3565 741 3615 Canu.
762 3565 796 3612 ll.
816 3576 838 3626 7.
860 3577 890 3612 ro
910 3565 998 3612 relitta
1020 3581 1070 3613 non
1090 3565 1149 3614 bene

654 3631 787 3692 parmula.
801 3659 832 3667 -
845 3630 993 3694 pensavit:
1021 3630 1064 3682 lot
1086 3647 1149 3681 conr·

654 3701 779 3758 pensavit.
816 3699 866 3745 See
881 3710 980 3758 ipen.
